participant.id_in_session,participant.code,participant.label,participant._is_bot,participant._index_in_pages,participant._max_page_index,participant._current_app_name,participant._current_page_name,participant.time_started,participant.visited,participant.mturk_worker_id,participant.mturk_assignment_id,participant.payoff,player.id_in_group,player.role,player.t,player.vote,player.bid,player.ask,player.lama,player.why_accept,player.other_accept,player.why_reject,player.other_reject,player.age,player.gender,player.major,player.political,player.gpa,player.payoff,group.id_in_subsession,group.price,group.q,group.policy,group.costo,group.uniforme,subsession.round_number,session.code,session.label,session.mturk_HITId,session.mturk_HITGroupId,session.comment,session.is_demo
1,b3thk85v,,0,479,1000,voting,Survey,2022-09-09 22:26:05.968843+00:00,1,,,103,1,,1,0,80.00,80.00,0.00,,,,,,,,,,150,1,50.00,7,0,40,1,1,dgqok9ca,,,,,0
2,8f4qdukq,,0,479,1000,voting,Survey,2022-09-09 22:26:35.069114+00:00,1,,,66,2,,1,0,75.00,75.00,0.09,,,,,,,,,,150,1,50.00,7,0,40,1,1,dgqok9ca,,,,,0
3,lip6wecw,,0,479,1000,voting,Survey,2022-09-09 22:26:04.572530+00:00,1,,,98,3,,0,0,50.00,50.00,0.18,,,,,,,,,,100,1,50.00,7,0,40,1,1,dgqok9ca,,,,,0
4,nmglt214,,0,479,1000,voting,Survey,2022-09-09 22:26:05.344885+00:00,1,,,84,4,,0,1,50.00,50.00,0.27,,,,,,,,,,100,1,50.00,7,0,40,1,1,dgqok9ca,,,,,0
5,7o35bquw,,0,479,1000,voting,Survey,2022-09-09 22:26:10.062216+00:00,1,,,139,5,,1,0,60.00,60.00,0.36,,,,,,,,,,150,1,50.00,7,0,40,1,1,dgqok9ca,,,,,0
6,5h9lcz0l,,0,479,1000,voting,Survey,2022-09-09 22:26:00.015623+00:00,1,,,102,6,,-1,0,40.00,40.00,0.45,,,,,,,,,,50,1,50.00,7,0,40,1,1,dgqok9ca,,,,,0
7,u01fgzgs,,0,479,1000,voting,Survey,2022-09-09 22:26:02.661180+00:00,1,,,158,7,,1,0,100.00,100.00,0.55,,,,,,,,,,150,1,50.00,7,0,40,1,1,dgqok9ca,,,,,0
8,x9op5bm3,,0,479,1000,voting,Survey,2022-09-09 22:26:09.894121+00:00,1,,,121,8,,-1,0,35.00,35.00,0.64,,,,,,,,,,50,1,50.00,7,0,40,1,1,dgqok9ca,,,,,0
9,olpl4te6,,0,479,1000,voting,Survey,2022-09-09 22:26:30.824926+00:00,1,,,176,9,,0,1,50.00,50.00,0.73,,,,,,,,,,100,1,50.00,7,0,40,1,1,dgqok9ca,,,,,0
10,zdqm5mqn,,0,479,1000,voting,Survey,2022-09-09 22:26:06.112592+00:00,1,,,185,10,,-1,0,25.00,25.00,0.82,,,,,,,,,,50,1,50.00,7,0,40,1,1,dgqok9ca,,,,,0
11,5vaz41yo,,0,479,1000,voting,Survey,2022-09-09 22:26:13.653469+00:00,1,,,148,11,,-1,0,39.00,39.00,0.91,,,,,,,,,,50,1,50.00,7,0,40,1,1,dgqok9ca,,,,,0
1,b3thk85v,,0,479,1000,voting,Survey,2022-09-09 22:26:05.968843+00:00,1,,,103,1,,-1,0,50.00,50.00,0.00,,,,,,,,,,60,1,60.00,6,1,40,1,2,dgqok9ca,,,,,0
2,8f4qdukq,,0,479,1000,voting,Survey,2022-09-09 22:26:35.069114+00:00,1,,,66,2,,-1,0,35.00,35.00,0.09,,,,,,,,,,69,1,60.00,6,1,40,1,2,dgqok9ca,,,,,0
3,lip6wecw,,0,479,1000,voting,Survey,2022-09-09 22:26:04.572530+00:00,1,,,98,3,,1,0,60.00,60.00,0.18,,,,,,,,,,78,1,60.00,6,1,40,1,2,dgqok9ca,,,,,0
4,nmglt214,,0,479,1000,voting,Survey,2022-09-09 22:26:05.344885+00:00,1,,,84,4,,-1,0,40.00,40.00,0.27,,,,,,,,,,87,1,60.00,6,1,40,1,2,dgqok9ca,,,,,0
5,7o35bquw,,0,479,1000,voting,Survey,2022-09-09 22:26:10.062216+00:00,1,,,139,5,,1,1,60.00,60.00,0.36,,,,,,,,,,96,1,60.00,6,1,40,1,2,dgqok9ca,,,,,0
6,5h9lcz0l,,0,479,1000,voting,Survey,2022-09-09 22:26:00.015623+00:00,1,,,102,6,,1,0,130.00,130.00,0.45,,,,,,,,,,105,1,60.00,6,1,40,1,2,dgqok9ca,,,,,0
7,u01fgzgs,,0,479,1000,voting,Survey,2022-09-09 22:26:02.661180+00:00,1,,,158,7,,1,1,75.00,75.00,0.55,,,,,,,,,,115,1,60.00,6,1,40,1,2,dgqok9ca,,,,,0
8,x9op5bm3,,0,479,1000,voting,Survey,2022-09-09 22:26:09.894121+00:00,1,,,121,8,,0,1,60.00,60.00,0.64,,,,,,,,,,124,1,60.00,6,1,40,1,2,dgqok9ca,,,,,0
9,olpl4te6,,0,479,1000,voting,Survey,2022-09-09 22:26:30.824926+00:00,1,,,176,9,,-1,0,40.00,40.00,0.73,,,,,,,,,,133,1,60.00,6,1,40,1,2,dgqok9ca,,,,,0
10,zdqm5mqn,,0,479,1000,voting,Survey,2022-09-09 22:26:06.112592+00:00,1,,,185,10,,1,1,65.00,65.00,0.82,,,,,,,,,,142,1,60.00,6,1,40,1,2,dgqok9ca,,,,,0
11,5vaz41yo,,0,479,1000,voting,Survey,2022-09-09 22:26:13.653469+00:00,1,,,148,11,,-1,0,58.00,58.00,0.91,,,,,,,,,,151,1,60.00,6,1,40,1,2,dgqok9ca,,,,,0
1,b3thk85v,,0,479,1000,voting,Survey,2022-09-09 22:26:05.968843+00:00,1,,,103,1,,1,0,70.00,70.00,0.00,,,,,,,,,,135,1,65.00,6,0,40,1,3,dgqok9ca,,,,,0
2,8f4qdukq,,0,479,1000,voting,Survey,2022-09-09 22:26:35.069114+00:00,1,,,66,2,,1,0,100.00,100.00,0.09,,,,,,,,,,135,1,65.00,6,0,40,1,3,dgqok9ca,,,,,0
3,lip6wecw,,0,479,1000,voting,Survey,2022-09-09 22:26:04.572530+00:00,1,,,98,3,,-1,0,60.00,60.00,0.18,,,,,,,,,,65,1,65.00,6,0,40,1,3,dgqok9ca,,,,,0
4,nmglt214,,0,479,1000,voting,Survey,2022-09-09 22:26:05.344885+00:00,1,,,84,4,,-1,0,60.00,60.00,0.27,,,,,,,,,,65,1,65.00,6,0,40,1,3,dgqok9ca,,,,,0
5,7o35bquw,,0,479,1000,voting,Survey,2022-09-09 22:26:10.062216+00:00,1,,,139,5,,1,0,70.00,70.00,0.36,,,,,,,,,,135,1,65.00,6,0,40,1,3,dgqok9ca,,,,,0
6,5h9lcz0l,,0,479,1000,voting,Survey,2022-09-09 22:26:00.015623+00:00,1,,,102,6,,1,1,120.00,120.00,0.45,,,,,,,,,,135,1,65.00,6,0,40,1,3,dgqok9ca,,,,,0
7,u01fgzgs,,0,479,1000,voting,Survey,2022-09-09 22:26:02.661180+00:00,1,,,158,7,,0,1,65.00,65.00,0.55,,,,,,,,,,100,1,65.00,6,0,40,1,3,dgqok9ca,,,,,0
8,x9op5bm3,,0,479,1000,voting,Survey,2022-09-09 22:26:09.894121+00:00,1,,,121,8,,-1,0,56.00,56.00,0.64,,,,,,,,,,65,1,65.00,6,0,40,1,3,dgqok9ca,,,,,0
9,olpl4te6,,0,479,1000,voting,Survey,2022-09-09 22:26:30.824926+00:00,1,,,176,9,,-1,0,55.00,55.00,0.73,,,,,,,,,,65,1,65.00,6,0,40,1,3,dgqok9ca,,,,,0
10,zdqm5mqn,,0,479,1000,voting,Survey,2022-09-09 22:26:06.112592+00:00,1,,,185,10,,1,1,68.00,68.00,0.82,,,,,,,,,,135,1,65.00,6,0,40,1,3,dgqok9ca,,,,,0
11,5vaz41yo,,0,479,1000,voting,Survey,2022-09-09 22:26:13.653469+00:00,1,,,148,11,,-1,0,62.00,62.00,0.91,,,,,,,,,,65,1,65.00,6,0,40,1,3,dgqok9ca,,,,,0
1,b3thk85v,,0,479,1000,voting,Survey,2022-09-09 22:26:05.968843+00:00,1,,,103,1,,-1,0,66.00,66.00,0.00,,,,,,,,,,70,1,70.00,6,0,40,1,4,dgqok9ca,,,,,0
2,8f4qdukq,,0,479,1000,voting,Survey,2022-09-09 22:26:35.069114+00:00,1,,,66,2,,1,0,100.00,100.00,0.09,,,,,,,,,,130,1,70.00,6,0,40,1,4,dgqok9ca,,,,,0
3,lip6wecw,,0,479,1000,voting,Survey,2022-09-09 22:26:04.572530+00:00,1,,,98,3,,1,0,75.00,75.00,0.18,,,,,,,,,,130,1,70.00,6,0,40,1,4,dgqok9ca,,,,,0
4,nmglt214,,0,479,1000,voting,Survey,2022-09-09 22:26:05.344885+00:00,1,,,84,4,,0,0,70.00,70.00,0.27,,,,,,,,,,100,1,70.00,6,0,40,1,4,dgqok9ca,,,,,0
5,7o35bquw,,0,479,1000,voting,Survey,2022-09-09 22:26:10.062216+00:00,1,,,139,5,,1,0,75.00,75.00,0.36,,,,,,,,,,130,1,70.00,6,0,40,1,4,dgqok9ca,,,,,0
6,5h9lcz0l,,0,479,1000,voting,Survey,2022-09-09 22:26:00.015623+00:00,1,,,102,6,,-1,0,69.00,69.00,0.45,,,,,,,,,,70,1,70.00,6,0,40,1,4,dgqok9ca,,,,,0
7,u01fgzgs,,0,479,1000,voting,Survey,2022-09-09 22:26:02.661180+00:00,1,,,158,7,,1,0,200.00,200.00,0.55,,,,,,,,,,130,1,70.00,6,0,40,1,4,dgqok9ca,,,,,0
8,x9op5bm3,,0,479,1000,voting,Survey,2022-09-09 22:26:09.894121+00:00,1,,,121,8,,-1,0,60.00,60.00,0.64,,,,,,,,,,70,1,70.00,6,0,40,1,4,dgqok9ca,,,,,0
9,olpl4te6,,0,479,1000,voting,Survey,2022-09-09 22:26:30.824926+00:00,1,,,176,9,,1,0,70.00,70.00,0.73,,,,,,,,,,130,1,70.00,6,0,40,1,4,dgqok9ca,,,,,0
10,zdqm5mqn,,0,479,1000,voting,Survey,2022-09-09 22:26:06.112592+00:00,1,,,185,10,,-1,0,69.00,69.00,0.82,,,,,,,,,,70,1,70.00,6,0,40,1,4,dgqok9ca,,,,,0
11,5vaz41yo,,0,479,1000,voting,Survey,2022-09-09 22:26:13.653469+00:00,1,,,148,11,,-1,0,68.00,68.00,0.91,,,,,,,,,,70,1,70.00,6,0,40,1,4,dgqok9ca,,,,,0
1,b3thk85v,,0,479,1000,voting,Survey,2022-09-09 22:26:05.968843+00:00,1,,,103,1,,-1,0,60.00,60.00,0.00,,,,,,,,,,75,1,75.00,8,0,40,1,5,dgqok9ca,,,,,0
2,8f4qdukq,,0,479,1000,voting,Survey,2022-09-09 22:26:35.069114+00:00,1,,,66,2,,1,0,150.00,150.00,0.09,,,,,,,,,,125,1,75.00,8,0,40,1,5,dgqok9ca,,,,,0
3,lip6wecw,,0,479,1000,voting,Survey,2022-09-09 22:26:04.572530+00:00,1,,,98,3,,0,0,75.00,75.00,0.18,,,,,,,,,,100,1,75.00,8,0,40,1,5,dgqok9ca,,,,,0
4,nmglt214,,0,479,1000,voting,Survey,2022-09-09 22:26:05.344885+00:00,1,,,84,4,,1,0,100.00,100.00,0.27,,,,,,,,,,125,1,75.00,8,0,40,1,5,dgqok9ca,,,,,0
5,7o35bquw,,0,479,1000,voting,Survey,2022-09-09 22:26:10.062216+00:00,1,,,139,5,,0,0,75.00,75.00,0.36,,,,,,,,,,100,1,75.00,8,0,40,1,5,dgqok9ca,,,,,0
6,5h9lcz0l,,0,479,1000,voting,Survey,2022-09-09 22:26:00.015623+00:00,1,,,102,6,,1,1,200.00,200.00,0.45,,,,,,,,,,125,1,75.00,8,0,40,1,5,dgqok9ca,,,,,0
7,u01fgzgs,,0,479,1000,voting,Survey,2022-09-09 22:26:02.661180+00:00,1,,,158,7,,0,1,75.00,75.00,0.55,,,,,,,,,,100,1,75.00,8,0,40,1,5,dgqok9ca,,,,,0
8,x9op5bm3,,0,479,1000,voting,Survey,2022-09-09 22:26:09.894121+00:00,1,,,121,8,,-1,0,72.00,72.00,0.64,,,,,,,,,,75,1,75.00,8,0,40,1,5,dgqok9ca,,,,,0
9,olpl4te6,,0,479,1000,voting,Survey,2022-09-09 22:26:30.824926+00:00,1,,,176,9,,-1,0,60.00,60.00,0.73,,,,,,,,,,75,1,75.00,8,0,40,1,5,dgqok9ca,,,,,0
10,zdqm5mqn,,0,479,1000,voting,Survey,2022-09-09 22:26:06.112592+00:00,1,,,185,10,,0,1,75.00,75.00,0.82,,,,,,,,,,100,1,75.00,8,0,40,1,5,dgqok9ca,,,,,0
11,5vaz41yo,,0,479,1000,voting,Survey,2022-09-09 22:26:13.653469+00:00,1,,,148,11,,0,1,75.00,75.00,0.91,,,,,,,,,,100,1,75.00,8,0,40,1,5,dgqok9ca,,,,,0
1,b3thk85v,,0,479,1000,voting,Survey,2022-09-09 22:26:05.968843+00:00,1,,,103,1,,-1,0,75.00,75.00,0.00,,,,,,,,,,78,1,78.50,5,0,40,1,6,dgqok9ca,,,,,0
2,8f4qdukq,,0,479,1000,voting,Survey,2022-09-09 22:26:35.069114+00:00,1,,,66,2,,1,0,150.00,150.00,0.09,,,,,,,,,,122,1,78.50,5,0,40,1,6,dgqok9ca,,,,,0
3,lip6wecw,,0,479,1000,voting,Survey,2022-09-09 22:26:04.572530+00:00,1,,,98,3,,1,0,80.00,80.00,0.18,,,,,,,,,,122,1,78.50,5,0,40,1,6,dgqok9ca,,,,,0
4,nmglt214,,0,479,1000,voting,Survey,2022-09-09 22:26:05.344885+00:00,1,,,84,4,,-1,0,70.00,70.00,0.27,,,,,,,,,,78,1,78.50,5,0,40,1,6,dgqok9ca,,,,,0
5,7o35bquw,,0,479,1000,voting,Survey,2022-09-09 22:26:10.062216+00:00,1,,,139,5,,0,1,0.00,0.00,0.36,,,,,,,,,,100,1,78.50,5,0,40,1,6,dgqok9ca,,,,,0
6,5h9lcz0l,,0,479,1000,voting,Survey,2022-09-09 22:26:00.015623+00:00,1,,,102,6,,1,0,95.00,95.00,0.45,,,,,,,,,,122,1,78.50,5,0,40,1,6,dgqok9ca,,,,,0
7,u01fgzgs,,0,479,1000,voting,Survey,2022-09-09 22:26:02.661180+00:00,1,,,158,7,,1,0,200.00,200.00,0.55,,,,,,,,,,122,1,78.50,5,0,40,1,6,dgqok9ca,,,,,0
8,x9op5bm3,,0,479,1000,voting,Survey,2022-09-09 22:26:09.894121+00:00,1,,,121,8,,1,0,79.00,79.00,0.64,,,,,,,,,,122,1,78.50,5,0,40,1,6,dgqok9ca,,,,,0
9,olpl4te6,,0,479,1000,voting,Survey,2022-09-09 22:26:30.824926+00:00,1,,,176,9,,-1,0,60.00,60.00,0.73,,,,,,,,,,78,1,78.50,5,0,40,1,6,dgqok9ca,,,,,0
10,zdqm5mqn,,0,479,1000,voting,Survey,2022-09-09 22:26:06.112592+00:00,1,,,185,10,,-1,0,78.00,78.00,0.82,,,,,,,,,,78,1,78.50,5,0,40,1,6,dgqok9ca,,,,,0
11,5vaz41yo,,0,479,1000,voting,Survey,2022-09-09 22:26:13.653469+00:00,1,,,148,11,,-1,0,75.00,75.00,0.91,,,,,,,,,,78,1,78.50,5,0,40,1,6,dgqok9ca,,,,,0
1,b3thk85v,,0,479,1000,voting,Survey,2022-09-09 22:26:05.968843+00:00,1,,,103,1,,-1,0,78.00,78.00,0.00,,,,,,,,,,80,1,80.00,6,0,40,1,7,dgqok9ca,,,,,0
2,8f4qdukq,,0,479,1000,voting,Survey,2022-09-09 22:26:35.069114+00:00,1,,,66,2,,1,0,125.00,125.00,0.09,,,,,,,,,,120,1,80.00,6,0,40,1,7,dgqok9ca,,,,,0
3,lip6wecw,,0,479,1000,voting,Survey,2022-09-09 22:26:04.572530+00:00,1,,,98,3,,1,0,82.00,82.00,0.18,,,,,,,,,,120,1,80.00,6,0,40,1,7,dgqok9ca,,,,,0
4,nmglt214,,0,479,1000,voting,Survey,2022-09-09 22:26:05.344885+00:00,1,,,84,4,,0,1,80.00,80.00,0.27,,,,,,,,,,100,1,80.00,6,0,40,1,7,dgqok9ca,,,,,0
5,7o35bquw,,0,479,1000,voting,Survey,2022-09-09 22:26:10.062216+00:00,1,,,139,5,,0,0,0.00,0.00,0.36,,,,,,,,,,100,1,80.00,6,0,40,1,7,dgqok9ca,,,,,0
6,5h9lcz0l,,0,479,1000,voting,Survey,2022-09-09 22:26:00.015623+00:00,1,,,102,6,,1,0,110.00,110.00,0.45,,,,,,,,,,120,1,80.00,6,0,40,1,7,dgqok9ca,,,,,0
7,u01fgzgs,,0,479,1000,voting,Survey,2022-09-09 22:26:02.661180+00:00,1,,,158,7,,-1,0,75.00,75.00,0.55,,,,,,,,,,80,1,80.00,6,0,40,1,7,dgqok9ca,,,,,0
8,x9op5bm3,,0,479,1000,voting,Survey,2022-09-09 22:26:09.894121+00:00,1,,,121,8,,-1,0,77.00,77.00,0.64,,,,,,,,,,80,1,80.00,6,0,40,1,7,dgqok9ca,,,,,0
9,olpl4te6,,0,479,1000,voting,Survey,2022-09-09 22:26:30.824926+00:00,1,,,176,9,,-1,0,70.00,70.00,0.73,,,,,,,,,,80,1,80.00,6,0,40,1,7,dgqok9ca,,,,,0
10,zdqm5mqn,,0,479,1000,voting,Survey,2022-09-09 22:26:06.112592+00:00,1,,,185,10,,1,1,82.00,82.00,0.82,,,,,,,,,,120,1,80.00,6,0,40,1,7,dgqok9ca,,,,,0
11,5vaz41yo,,0,479,1000,voting,Survey,2022-09-09 22:26:13.653469+00:00,1,,,148,11,,0,1,80.00,80.00,0.91,,,,,,,,,,100,1,80.00,6,0,40,1,7,dgqok9ca,,,,,0
1,b3thk85v,,0,479,1000,voting,Survey,2022-09-09 22:26:05.968843+00:00,1,,,103,1,,-1,0,80.00,80.00,0.00,,,,,,,,,,88,1,88.00,6,0,40,1,8,dgqok9ca,,,,,0
2,8f4qdukq,,0,479,1000,voting,Survey,2022-09-09 22:26:35.069114+00:00,1,,,66,2,,1,0,175.00,175.00,0.09,,,,,,,,,,112,1,88.00,6,0,40,1,8,dgqok9ca,,,,,0
3,lip6wecw,,0,479,1000,voting,Survey,2022-09-09 22:26:04.572530+00:00,1,,,98,3,,-1,0,82.00,82.00,0.18,,,,,,,,,,88,1,88.00,6,0,40,1,8,dgqok9ca,,,,,0
4,nmglt214,,0,479,1000,voting,Survey,2022-09-09 22:26:05.344885+00:00,1,,,84,4,,-1,0,80.00,80.00,0.27,,,,,,,,,,88,1,88.00,6,0,40,1,8,dgqok9ca,,,,,0
5,7o35bquw,,0,479,1000,voting,Survey,2022-09-09 22:26:10.062216+00:00,1,,,139,5,,1,1,100.00,100.00,0.36,,,,,,,,,,112,1,88.00,6,0,40,1,8,dgqok9ca,,,,,0
6,5h9lcz0l,,0,479,1000,voting,Survey,2022-09-09 22:26:00.015623+00:00,1,,,102,6,,1,0,140.00,140.00,0.45,,,,,,,,,,112,1,88.00,6,0,40,1,8,dgqok9ca,,,,,0
7,u01fgzgs,,0,479,1000,voting,Survey,2022-09-09 22:26:02.661180+00:00,1,,,158,7,,1,0,100.00,100.00,0.55,,,,,,,,,,112,1,88.00,6,0,40,1,8,dgqok9ca,,,,,0
8,x9op5bm3,,0,479,1000,voting,Survey,2022-09-09 22:26:09.894121+00:00,1,,,121,8,,0,1,88.00,88.00,0.64,,,,,,,,,,100,1,88.00,6,0,40,1,8,dgqok9ca,,,,,0
9,olpl4te6,,0,479,1000,voting,Survey,2022-09-09 22:26:30.824926+00:00,1,,,176,9,,1,0,90.00,90.00,0.73,,,,,,,,,,112,1,88.00,6,0,40,1,8,dgqok9ca,,,,,0
10,zdqm5mqn,,0,479,1000,voting,Survey,2022-09-09 22:26:06.112592+00:00,1,,,185,10,,-1,0,85.00,85.00,0.82,,,,,,,,,,88,1,88.00,6,0,40,1,8,dgqok9ca,,,,,0
11,5vaz41yo,,0,479,1000,voting,Survey,2022-09-09 22:26:13.653469+00:00,1,,,148,11,,-1,0,82.00,82.00,0.91,,,,,,,,,,88,1,88.00,6,0,40,1,8,dgqok9ca,,,,,0
1,b3thk85v,,0,479,1000,voting,Survey,2022-09-09 22:26:05.968843+00:00,1,,,103,1,,-1,0,50.00,50.00,0.00,,,,,,,,,,85,1,85.00,6,0,60,1,9,dgqok9ca,,,,,0
2,8f4qdukq,,0,479,1000,voting,Survey,2022-09-09 22:26:35.069114+00:00,1,,,66,2,,1,0,90.00,90.00,0.09,,,,,,,,,,115,1,85.00,6,0,60,1,9,dgqok9ca,,,,,0
3,lip6wecw,,0,479,1000,voting,Survey,2022-09-09 22:26:04.572530+00:00,1,,,98,3,,1,0,100.00,100.00,0.18,,,,,,,,,,115,1,85.00,6,0,60,1,9,dgqok9ca,,,,,0
4,nmglt214,,0,479,1000,voting,Survey,2022-09-09 22:26:05.344885+00:00,1,,,84,4,,-1,0,40.00,40.00,0.27,,,,,,,,,,85,1,85.00,6,0,60,1,9,dgqok9ca,,,,,0
5,7o35bquw,,0,479,1000,voting,Survey,2022-09-09 22:26:10.062216+00:00,1,,,139,5,,-1,0,55.00,55.00,0.36,,,,,,,,,,85,1,85.00,6,0,60,1,9,dgqok9ca,,,,,0
6,5h9lcz0l,,0,479,1000,voting,Survey,2022-09-09 22:26:00.015623+00:00,1,,,102,6,,1,1,120.00,120.00,0.45,,,,,,,,,,115,1,85.00,6,0,60,1,9,dgqok9ca,,,,,0
7,u01fgzgs,,0,479,1000,voting,Survey,2022-09-09 22:26:02.661180+00:00,1,,,158,7,,1,0,100.00,100.00,0.55,,,,,,,,,,115,1,85.00,6,0,60,1,9,dgqok9ca,,,,,0
8,x9op5bm3,,0,479,1000,voting,Survey,2022-09-09 22:26:09.894121+00:00,1,,,121,8,,-1,0,79.00,79.00,0.64,,,,,,,,,,85,1,85.00,6,0,60,1,9,dgqok9ca,,,,,0
9,olpl4te6,,0,479,1000,voting,Survey,2022-09-09 22:26:30.824926+00:00,1,,,176,9,,1,0,90.00,90.00,0.73,,,,,,,,,,115,1,85.00,6,0,60,1,9,dgqok9ca,,,,,0
10,zdqm5mqn,,0,479,1000,voting,Survey,2022-09-09 22:26:06.112592+00:00,1,,,185,10,,-1,0,55.00,55.00,0.82,,,,,,,,,,85,1,85.00,6,0,60,1,9,dgqok9ca,,,,,0
11,5vaz41yo,,0,479,1000,voting,Survey,2022-09-09 22:26:13.653469+00:00,1,,,148,11,,0,1,85.00,85.00,0.91,,,,,,,,,,100,1,85.00,6,0,60,1,9,dgqok9ca,,,,,0
1,b3thk85v,,0,479,1000,voting,Survey,2022-09-09 22:26:05.968843+00:00,1,,,103,1,,1,0,100.00,100.00,0.00,,,,,,,,,,112,1,88.50,5,0,60,1,10,dgqok9ca,,,,,0
2,8f4qdukq,,0,479,1000,voting,Survey,2022-09-09 22:26:35.069114+00:00,1,,,66,2,,-1,0,65.00,65.00,0.09,,,,,,,,,,88,1,88.50,5,0,60,1,10,dgqok9ca,,,,,0
3,lip6wecw,,0,479,1000,voting,Survey,2022-09-09 22:26:04.572530+00:00,1,,,98,3,,1,0,100.00,100.00,0.18,,,,,,,,,,112,1,88.50,5,0,60,1,10,dgqok9ca,,,,,0
4,nmglt214,,0,479,1000,voting,Survey,2022-09-09 22:26:05.344885+00:00,1,,,84,4,,-1,0,80.00,80.00,0.27,,,,,,,,,,88,1,88.50,5,0,60,1,10,dgqok9ca,,,,,0
5,7o35bquw,,0,479,1000,voting,Survey,2022-09-09 22:26:10.062216+00:00,1,,,139,5,,0,0,0.00,0.00,0.36,,,,,,,,,,100,1,88.50,5,0,60,1,10,dgqok9ca,,,,,0
6,5h9lcz0l,,0,479,1000,voting,Survey,2022-09-09 22:26:00.015623+00:00,1,,,102,6,,1,1,180.00,180.00,0.45,,,,,,,,,,112,1,88.50,5,0,60,1,10,dgqok9ca,,,,,0
7,u01fgzgs,,0,479,1000,voting,Survey,2022-09-09 22:26:02.661180+00:00,1,,,158,7,,1,0,95.00,95.00,0.55,,,,,,,,,,112,1,88.50,5,0,60,1,10,dgqok9ca,,,,,0
8,x9op5bm3,,0,479,1000,voting,Survey,2022-09-09 22:26:09.894121+00:00,1,,,121,8,,-1,0,87.00,87.00,0.64,,,,,,,,,,88,1,88.50,5,0,60,1,10,dgqok9ca,,,,,0
9,olpl4te6,,0,479,1000,voting,Survey,2022-09-09 22:26:30.824926+00:00,1,,,176,9,,-1,0,80.00,80.00,0.73,,,,,,,,,,88,1,88.50,5,0,60,1,10,dgqok9ca,,,,,0
10,zdqm5mqn,,0,479,1000,voting,Survey,2022-09-09 22:26:06.112592+00:00,1,,,185,10,,1,0,90.00,90.00,0.82,,,,,,,,,,112,1,88.50,5,0,60,1,10,dgqok9ca,,,,,0
11,5vaz41yo,,0,479,1000,voting,Survey,2022-09-09 22:26:13.653469+00:00,1,,,148,11,,-1,0,85.00,85.00,0.91,,,,,,,,,,88,1,88.50,5,0,60,1,10,dgqok9ca,,,,,0
1,b3thk85v,,0,479,1000,voting,Survey,2022-09-09 22:26:05.968843+00:00,1,,,103,1,,1,0,99.00,99.00,0.00,,,,,,,,,,106,1,94.00,6,0,60,1,11,dgqok9ca,,,,,0
2,8f4qdukq,,0,479,1000,voting,Survey,2022-09-09 22:26:35.069114+00:00,1,,,66,2,,1,0,200.00,200.00,0.09,,,,,,,,,,106,1,94.00,6,0,60,1,11,dgqok9ca,,,,,0
3,lip6wecw,,0,479,1000,voting,Survey,2022-09-09 22:26:04.572530+00:00,1,,,98,3,,1,0,100.00,100.00,0.18,,,,,,,,,,106,1,94.00,6,0,60,1,11,dgqok9ca,,,,,0
4,nmglt214,,0,479,1000,voting,Survey,2022-09-09 22:26:05.344885+00:00,1,,,84,4,,-1,0,90.00,90.00,0.27,,,,,,,,,,94,1,94.00,6,0,60,1,11,dgqok9ca,,,,,0
5,7o35bquw,,0,479,1000,voting,Survey,2022-09-09 22:26:10.062216+00:00,1,,,139,5,,1,0,100.00,100.00,0.36,,,,,,,,,,106,1,94.00,6,0,60,1,11,dgqok9ca,,,,,0
6,5h9lcz0l,,0,479,1000,voting,Survey,2022-09-09 22:26:00.015623+00:00,1,,,102,6,,-1,0,5.25,5.25,0.45,,,,,,,,,,94,1,94.00,6,0,60,1,11,dgqok9ca,,,,,0
7,u01fgzgs,,0,479,1000,voting,Survey,2022-09-09 22:26:02.661180+00:00,1,,,158,7,,1,0,95.00,95.00,0.55,,,,,,,,,,106,1,94.00,6,0,60,1,11,dgqok9ca,,,,,0
8,x9op5bm3,,0,479,1000,voting,Survey,2022-09-09 22:26:09.894121+00:00,1,,,121,8,,-1,0,90.00,90.00,0.64,,,,,,,,,,94,1,94.00,6,0,60,1,11,dgqok9ca,,,,,0
9,olpl4te6,,0,479,1000,voting,Survey,2022-09-09 22:26:30.824926+00:00,1,,,176,9,,-1,0,90.00,90.00,0.73,,,,,,,,,,94,1,94.00,6,0,60,1,11,dgqok9ca,,,,,0
10,zdqm5mqn,,0,479,1000,voting,Survey,2022-09-09 22:26:06.112592+00:00,1,,,185,10,,0,1,94.00,94.00,0.82,,,,,,,,,,100,1,94.00,6,0,60,1,11,dgqok9ca,,,,,0
11,5vaz41yo,,0,479,1000,voting,Survey,2022-09-09 22:26:13.653469+00:00,1,,,148,11,,-1,0,89.00,89.00,0.91,,,,,,,,,,94,1,94.00,6,0,60,1,11,dgqok9ca,,,,,0
1,b3thk85v,,0,479,1000,voting,Survey,2022-09-09 22:26:05.968843+00:00,1,,,103,1,,-1,0,90.00,90.00,0.00,,,,,,,,,,99,1,99.00,6,0,60,1,12,dgqok9ca,,,,,0
2,8f4qdukq,,0,479,1000,voting,Survey,2022-09-09 22:26:35.069114+00:00,1,,,66,2,,1,0,100.00,100.00,0.09,,,,,,,,,,101,1,99.00,6,0,60,1,12,dgqok9ca,,,,,0
3,lip6wecw,,0,479,1000,voting,Survey,2022-09-09 22:26:04.572530+00:00,1,,,98,3,,1,0,100.00,100.00,0.18,,,,,,,,,,101,1,99.00,6,0,60,1,12,dgqok9ca,,,,,0
4,nmglt214,,0,479,1000,voting,Survey,2022-09-09 22:26:05.344885+00:00,1,,,84,4,,1,0,120.00,120.00,0.27,,,,,,,,,,101,1,99.00,6,0,60,1,12,dgqok9ca,,,,,0
5,7o35bquw,,0,479,1000,voting,Survey,2022-09-09 22:26:10.062216+00:00,1,,,139,5,,1,0,100.00,100.00,0.36,,,,,,,,,,101,1,99.00,6,0,60,1,12,dgqok9ca,,,,,0
6,5h9lcz0l,,0,479,1000,voting,Survey,2022-09-09 22:26:00.015623+00:00,1,,,102,6,,1,0,189.99,189.99,0.45,,,,,,,,,,101,1,99.00,6,0,60,1,12,dgqok9ca,,,,,0
7,u01fgzgs,,0,479,1000,voting,Survey,2022-09-09 22:26:02.661180+00:00,1,,,158,7,,-1,0,90.00,90.00,0.55,,,,,,,,,,99,1,99.00,6,0,60,1,12,dgqok9ca,,,,,0
8,x9op5bm3,,0,479,1000,voting,Survey,2022-09-09 22:26:09.894121+00:00,1,,,121,8,,-1,0,94.00,94.00,0.64,,,,,,,,,,99,1,99.00,6,0,60,1,12,dgqok9ca,,,,,0
9,olpl4te6,,0,479,1000,voting,Survey,2022-09-09 22:26:30.824926+00:00,1,,,176,9,,0,1,99.00,99.00,0.73,,,,,,,,,,100,1,99.00,6,0,60,1,12,dgqok9ca,,,,,0
10,zdqm5mqn,,0,479,1000,voting,Survey,2022-09-09 22:26:06.112592+00:00,1,,,185,10,,-1,0,98.00,98.00,0.82,,,,,,,,,,99,1,99.00,6,0,60,1,12,dgqok9ca,,,,,0
11,5vaz41yo,,0,479,1000,voting,Survey,2022-09-09 22:26:13.653469+00:00,1,,,148,11,,-1,0,98.00,98.00,0.91,,,,,,,,,,99,1,99.00,6,0,60,1,12,dgqok9ca,,,,,0
1,b3thk85v,,0,479,1000,voting,Survey,2022-09-09 22:26:05.968843+00:00,1,,,103,1,,-1,0,95.00,95.00,0.00,,,,,,,,,,99,1,99.00,6,0,60,1,13,dgqok9ca,,,,,0
2,8f4qdukq,,0,479,1000,voting,Survey,2022-09-09 22:26:35.069114+00:00,1,,,66,2,,0,0,99.00,99.00,0.09,,,,,,,,,,100,1,99.00,6,0,60,1,13,dgqok9ca,,,,,0
3,lip6wecw,,0,479,1000,voting,Survey,2022-09-09 22:26:04.572530+00:00,1,,,98,3,,1,0,100.00,100.00,0.18,,,,,,,,,,101,1,99.00,6,0,60,1,13,dgqok9ca,,,,,0
4,nmglt214,,0,479,1000,voting,Survey,2022-09-09 22:26:05.344885+00:00,1,,,84,4,,1,0,120.00,120.00,0.27,,,,,,,,,,101,1,99.00,6,0,60,1,13,dgqok9ca,,,,,0
5,7o35bquw,,0,479,1000,voting,Survey,2022-09-09 22:26:10.062216+00:00,1,,,139,5,,-1,0,50.00,50.00,0.36,,,,,,,,,,99,1,99.00,6,0,60,1,13,dgqok9ca,,,,,0
6,5h9lcz0l,,0,479,1000,voting,Survey,2022-09-09 22:26:00.015623+00:00,1,,,102,6,,-1,0,90.00,90.00,0.45,,,,,,,,,,99,1,99.00,6,0,60,1,13,dgqok9ca,,,,,0
7,u01fgzgs,,0,479,1000,voting,Survey,2022-09-09 22:26:02.661180+00:00,1,,,158,7,,1,0,102.00,102.00,0.55,,,,,,,,,,101,1,99.00,6,0,60,1,13,dgqok9ca,,,,,0
8,x9op5bm3,,0,479,1000,voting,Survey,2022-09-09 22:26:09.894121+00:00,1,,,121,8,,-1,0,98.00,98.00,0.64,,,,,,,,,,99,1,99.00,6,0,60,1,13,dgqok9ca,,,,,0
9,olpl4te6,,0,479,1000,voting,Survey,2022-09-09 22:26:30.824926+00:00,1,,,176,9,,-1,0,70.00,70.00,0.73,,,,,,,,,,99,1,99.00,6,0,60,1,13,dgqok9ca,,,,,0
10,zdqm5mqn,,0,479,1000,voting,Survey,2022-09-09 22:26:06.112592+00:00,1,,,185,10,,1,0,100.00,100.00,0.82,,,,,,,,,,101,1,99.00,6,0,60,1,13,dgqok9ca,,,,,0
11,5vaz41yo,,0,479,1000,voting,Survey,2022-09-09 22:26:13.653469+00:00,1,,,148,11,,1,1,110.00,110.00,0.91,,,,,,,,,,101,1,99.00,6,0,60,1,13,dgqok9ca,,,,,0
1,b3thk85v,,0,479,1000,voting,Survey,2022-09-09 22:26:05.968843+00:00,1,,,103,1,,-1,0,98.00,98.00,0.00,,,,,,,,,,100,1,100.00,8,0,60,1,14,dgqok9ca,,,,,0
2,8f4qdukq,,0,479,1000,voting,Survey,2022-09-09 22:26:35.069114+00:00,1,,,66,2,,0,0,100.00,100.00,0.09,,,,,,,,,,100,1,100.00,8,0,60,1,14,dgqok9ca,,,,,0
3,lip6wecw,,0,479,1000,voting,Survey,2022-09-09 22:26:04.572530+00:00,1,,,98,3,,0,0,100.00,100.00,0.18,,,,,,,,,,100,1,100.00,8,0,60,1,14,dgqok9ca,,,,,0
4,nmglt214,,0,479,1000,voting,Survey,2022-09-09 22:26:05.344885+00:00,1,,,84,4,,0,1,100.00,100.00,0.27,,,,,,,,,,100,1,100.00,8,0,60,1,14,dgqok9ca,,,,,0
5,7o35bquw,,0,479,1000,voting,Survey,2022-09-09 22:26:10.062216+00:00,1,,,139,5,,0,0,100.00,100.00,0.36,,,,,,,,,,100,1,100.00,8,0,60,1,14,dgqok9ca,,,,,0
6,5h9lcz0l,,0,479,1000,voting,Survey,2022-09-09 22:26:00.015623+00:00,1,,,102,6,,1,0,140.00,140.00,0.45,,,,,,,,,,100,1,100.00,8,0,60,1,14,dgqok9ca,,,,,0
7,u01fgzgs,,0,479,1000,voting,Survey,2022-09-09 22:26:02.661180+00:00,1,,,158,7,,1,0,102.00,102.00,0.55,,,,,,,,,,100,1,100.00,8,0,60,1,14,dgqok9ca,,,,,0
8,x9op5bm3,,0,479,1000,voting,Survey,2022-09-09 22:26:09.894121+00:00,1,,,121,8,,-1,0,99.00,99.00,0.64,,,,,,,,,,100,1,100.00,8,0,60,1,14,dgqok9ca,,,,,0
9,olpl4te6,,0,479,1000,voting,Survey,2022-09-09 22:26:30.824926+00:00,1,,,176,9,,-1,0,90.00,90.00,0.73,,,,,,,,,,100,1,100.00,8,0,60,1,14,dgqok9ca,,,,,0
10,zdqm5mqn,,0,479,1000,voting,Survey,2022-09-09 22:26:06.112592+00:00,1,,,185,10,,0,1,100.00,100.00,0.82,,,,,,,,,,100,1,100.00,8,0,60,1,14,dgqok9ca,,,,,0
11,5vaz41yo,,0,479,1000,voting,Survey,2022-09-09 22:26:13.653469+00:00,1,,,148,11,,1,0,105.00,105.00,0.91,,,,,,,,,,100,1,100.00,8,0,60,1,14,dgqok9ca,,,,,0
1,b3thk85v,,0,479,1000,voting,Survey,2022-09-09 22:26:05.968843+00:00,1,,,103,1,,0,0,100.00,100.00,0.00,,,,,,,,,,100,1,100.00,6,0,60,1,15,dgqok9ca,,,,,0
2,8f4qdukq,,0,479,1000,voting,Survey,2022-09-09 22:26:35.069114+00:00,1,,,66,2,,1,0,122.00,122.00,0.09,,,,,,,,,,100,1,100.00,6,0,60,1,15,dgqok9ca,,,,,0
3,lip6wecw,,0,479,1000,voting,Survey,2022-09-09 22:26:04.572530+00:00,1,,,98,3,,1,0,102.00,102.00,0.18,,,,,,,,,,100,1,100.00,6,0,60,1,15,dgqok9ca,,,,,0
4,nmglt214,,0,479,1000,voting,Survey,2022-09-09 22:26:05.344885+00:00,1,,,84,4,,1,0,110.00,110.00,0.27,,,,,,,,,,100,1,100.00,6,0,60,1,15,dgqok9ca,,,,,0
5,7o35bquw,,0,479,1000,voting,Survey,2022-09-09 22:26:10.062216+00:00,1,,,139,5,,-1,0,60.00,60.00,0.36,,,,,,,,,,100,1,100.00,6,0,60,1,15,dgqok9ca,,,,,0
6,5h9lcz0l,,0,479,1000,voting,Survey,2022-09-09 22:26:00.015623+00:00,1,,,102,6,,1,1,130.00,130.00,0.45,,,,,,,,,,100,1,100.00,6,0,60,1,15,dgqok9ca,,,,,0
7,u01fgzgs,,0,479,1000,voting,Survey,2022-09-09 22:26:02.661180+00:00,1,,,158,7,,-1,0,100.00,100.00,0.55,,,,,,,,,,100,1,100.00,6,0,60,1,15,dgqok9ca,,,,,0
8,x9op5bm3,,0,479,1000,voting,Survey,2022-09-09 22:26:09.894121+00:00,1,,,121,8,,-1,0,100.00,100.00,0.64,,,,,,,,,,100,1,100.00,6,0,60,1,15,dgqok9ca,,,,,0
9,olpl4te6,,0,479,1000,voting,Survey,2022-09-09 22:26:30.824926+00:00,1,,,176,9,,-1,0,99.00,99.00,0.73,,,,,,,,,,100,1,100.00,6,0,60,1,15,dgqok9ca,,,,,0
10,zdqm5mqn,,0,479,1000,voting,Survey,2022-09-09 22:26:06.112592+00:00,1,,,185,10,,-1,0,100.00,100.00,0.82,,,,,,,,,,100,1,100.00,6,0,60,1,15,dgqok9ca,,,,,0
11,5vaz41yo,,0,479,1000,voting,Survey,2022-09-09 22:26:13.653469+00:00,1,,,148,11,,1,0,105.00,105.00,0.91,,,,,,,,,,100,1,100.00,6,0,60,1,15,dgqok9ca,,,,,0
1,b3thk85v,,0,479,1000,voting,Survey,2022-09-09 22:26:05.968843+00:00,1,,,103,1,,-1,0,98.00,98.00,0.00,,,,,,,,,,100,1,100.00,7,0,60,1,16,dgqok9ca,,,,,0
2,8f4qdukq,,0,479,1000,voting,Survey,2022-09-09 22:26:35.069114+00:00,1,,,66,2,,-1,0,99.00,99.00,0.09,,,,,,,,,,100,1,100.00,7,0,60,1,16,dgqok9ca,,,,,0
3,lip6wecw,,0,479,1000,voting,Survey,2022-09-09 22:26:04.572530+00:00,1,,,98,3,,1,0,102.00,102.00,0.18,,,,,,,,,,100,1,100.00,7,0,60,1,16,dgqok9ca,,,,,0
4,nmglt214,,0,479,1000,voting,Survey,2022-09-09 22:26:05.344885+00:00,1,,,84,4,,1,0,110.00,110.00,0.27,,,,,,,,,,100,1,100.00,7,0,60,1,16,dgqok9ca,,,,,0
5,7o35bquw,,0,479,1000,voting,Survey,2022-09-09 22:26:10.062216+00:00,1,,,139,5,,-1,0,50.00,50.00,0.36,,,,,,,,,,100,1,100.00,7,0,60,1,16,dgqok9ca,,,,,0
6,5h9lcz0l,,0,479,1000,voting,Survey,2022-09-09 22:26:00.015623+00:00,1,,,102,6,,1,1,137.00,137.00,0.45,,,,,,,,,,100,1,100.00,7,0,60,1,16,dgqok9ca,,,,,0
7,u01fgzgs,,0,479,1000,voting,Survey,2022-09-09 22:26:02.661180+00:00,1,,,158,7,,0,0,100.00,100.00,0.55,,,,,,,,,,100,1,100.00,7,0,60,1,16,dgqok9ca,,,,,0
8,x9op5bm3,,0,479,1000,voting,Survey,2022-09-09 22:26:09.894121+00:00,1,,,121,8,,0,1,100.00,100.00,0.64,,,,,,,,,,100,1,100.00,7,0,60,1,16,dgqok9ca,,,,,0
9,olpl4te6,,0,479,1000,voting,Survey,2022-09-09 22:26:30.824926+00:00,1,,,176,9,,0,1,100.00,100.00,0.73,,,,,,,,,,100,1,100.00,7,0,60,1,16,dgqok9ca,,,,,0
10,zdqm5mqn,,0,479,1000,voting,Survey,2022-09-09 22:26:06.112592+00:00,1,,,185,10,,-1,0,100.00,100.00,0.82,,,,,,,,,,100,1,100.00,7,0,60,1,16,dgqok9ca,,,,,0
11,5vaz41yo,,0,479,1000,voting,Survey,2022-09-09 22:26:13.653469+00:00,1,,,148,11,,1,0,103.00,103.00,0.91,,,,,,,,,,100,1,100.00,7,0,60,1,16,dgqok9ca,,,,,0
1,b3thk85v,,0,479,1000,voting,Survey,2022-09-09 22:26:05.968843+00:00,1,,,103,1,,-1,0,100.00,100.00,0.00,,,,,,,,,,102,1,102.00,6,1,20,1,17,dgqok9ca,,,,,0
2,8f4qdukq,,0,479,1000,voting,Survey,2022-09-09 22:26:35.069114+00:00,1,,,66,2,,1,0,200.00,200.00,0.09,,,,,,,,,,67,1,102.00,6,1,20,1,17,dgqok9ca,,,,,0
3,lip6wecw,,0,479,1000,voting,Survey,2022-09-09 22:26:04.572530+00:00,1,,,98,3,,0,0,102.00,102.00,0.18,,,,,,,,,,98,1,102.00,6,1,20,1,17,dgqok9ca,,,,,0
4,nmglt214,,0,479,1000,voting,Survey,2022-09-09 22:26:05.344885+00:00,1,,,84,4,,1,1,108.00,108.00,0.27,,,,,,,,,,85,1,102.00,6,1,20,1,17,dgqok9ca,,,,,0
5,7o35bquw,,0,479,1000,voting,Survey,2022-09-09 22:26:10.062216+00:00,1,,,139,5,,-1,0,10.00,10.00,0.36,,,,,,,,,,138,1,102.00,6,1,20,1,17,dgqok9ca,,,,,0
6,5h9lcz0l,,0,479,1000,voting,Survey,2022-09-09 22:26:00.015623+00:00,1,,,102,6,,1,1,125.00,125.00,0.45,,,,,,,,,,103,1,102.00,6,1,20,1,17,dgqok9ca,,,,,0
7,u01fgzgs,,0,479,1000,voting,Survey,2022-09-09 22:26:02.661180+00:00,1,,,158,7,,1,1,105.00,105.00,0.55,,,,,,,,,,113,1,102.00,6,1,20,1,17,dgqok9ca,,,,,0
8,x9op5bm3,,0,479,1000,voting,Survey,2022-09-09 22:26:09.894121+00:00,1,,,121,8,,-1,0,100.00,100.00,0.64,,,,,,,,,,166,1,102.00,6,1,20,1,17,dgqok9ca,,,,,0
9,olpl4te6,,0,479,1000,voting,Survey,2022-09-09 22:26:30.824926+00:00,1,,,176,9,,-1,0,90.00,90.00,0.73,,,,,,,,,,175,1,102.00,6,1,20,1,17,dgqok9ca,,,,,0
10,zdqm5mqn,,0,479,1000,voting,Survey,2022-09-09 22:26:06.112592+00:00,1,,,185,10,,-1,0,101.00,101.00,0.82,,,,,,,,,,184,1,102.00,6,1,20,1,17,dgqok9ca,,,,,0
11,5vaz41yo,,0,479,1000,voting,Survey,2022-09-09 22:26:13.653469+00:00,1,,,148,11,,1,1,102.00,102.00,0.91,,,,,,,,,,149,1,102.00,6,1,20,1,17,dgqok9ca,,,,,0
1,b3thk85v,,0,479,1000,voting,Survey,2022-09-09 22:26:05.968843+00:00,1,,,103,1,,-1,0,80.00,80.00,0.00,,,,,,,,,,100,1,100.00,7,1,20,1,18,dgqok9ca,,,,,0
2,8f4qdukq,,0,479,1000,voting,Survey,2022-09-09 22:26:35.069114+00:00,1,,,66,2,,0,0,100.00,100.00,0.09,,,,,,,,,,89,1,100.00,7,1,20,1,18,dgqok9ca,,,,,0
3,lip6wecw,,0,479,1000,voting,Survey,2022-09-09 22:26:04.572530+00:00,1,,,98,3,,1,0,105.00,105.00,0.18,,,,,,,,,,78,1,100.00,7,1,20,1,18,dgqok9ca,,,,,0
4,nmglt214,,0,479,1000,voting,Survey,2022-09-09 22:26:05.344885+00:00,1,,,84,4,,1,0,110.00,110.00,0.27,,,,,,,,,,87,1,100.00,7,1,20,1,18,dgqok9ca,,,,,0
5,7o35bquw,,0,479,1000,voting,Survey,2022-09-09 22:26:10.062216+00:00,1,,,139,5,,-1,0,20.00,20.00,0.36,,,,,,,,,,136,1,100.00,7,1,20,1,18,dgqok9ca,,,,,0
6,5h9lcz0l,,0,479,1000,voting,Survey,2022-09-09 22:26:00.015623+00:00,1,,,102,6,,1,1,130.00,130.00,0.45,,,,,,,,,,105,1,100.00,7,1,20,1,18,dgqok9ca,,,,,0
7,u01fgzgs,,0,479,1000,voting,Survey,2022-09-09 22:26:02.661180+00:00,1,,,158,7,,1,1,106.00,106.00,0.55,,,,,,,,,,115,1,100.00,7,1,20,1,18,dgqok9ca,,,,,0
8,x9op5bm3,,0,479,1000,voting,Survey,2022-09-09 22:26:09.894121+00:00,1,,,121,8,,0,1,100.00,100.00,0.64,,,,,,,,,,144,1,100.00,7,1,20,1,18,dgqok9ca,,,,,0
9,olpl4te6,,0,479,1000,voting,Survey,2022-09-09 22:26:30.824926+00:00,1,,,176,9,,-1,0,70.00,70.00,0.73,,,,,,,,,,173,1,100.00,7,1,20,1,18,dgqok9ca,,,,,0
10,zdqm5mqn,,0,479,1000,voting,Survey,2022-09-09 22:26:06.112592+00:00,1,,,185,10,,0,1,100.00,100.00,0.82,,,,,,,,,,162,1,100.00,7,1,20,1,18,dgqok9ca,,,,,0
11,5vaz41yo,,0,479,1000,voting,Survey,2022-09-09 22:26:13.653469+00:00,1,,,148,11,,-1,0,80.00,80.00,0.91,,,,,,,,,,191,1,100.00,7,1,20,1,18,dgqok9ca,,,,,0
1,b3thk85v,,0,479,1000,voting,Survey,2022-09-09 22:26:05.968843+00:00,1,,,103,1,,0,0,102.00,102.00,0.00,,,,,,,,,,80,1,102.00,7,1,20,1,19,dgqok9ca,,,,,0
2,8f4qdukq,,0,479,1000,voting,Survey,2022-09-09 22:26:35.069114+00:00,1,,,66,2,,-1,0,88.00,88.00,0.09,,,,,,,,,,111,1,102.00,7,1,20,1,19,dgqok9ca,,,,,0
3,lip6wecw,,0,479,1000,voting,Survey,2022-09-09 22:26:04.572530+00:00,1,,,98,3,,1,0,105.00,105.00,0.18,,,,,,,,,,76,1,102.00,7,1,20,1,19,dgqok9ca,,,,,0
4,nmglt214,,0,479,1000,voting,Survey,2022-09-09 22:26:05.344885+00:00,1,,,84,4,,-1,0,80.00,80.00,0.27,,,,,,,,,,129,1,102.00,7,1,20,1,19,dgqok9ca,,,,,0
5,7o35bquw,,0,479,1000,voting,Survey,2022-09-09 22:26:10.062216+00:00,1,,,139,5,,-1,0,40.00,40.00,0.36,,,,,,,,,,138,1,102.00,7,1,20,1,19,dgqok9ca,,,,,0
6,5h9lcz0l,,0,479,1000,voting,Survey,2022-09-09 22:26:00.015623+00:00,1,,,102,6,,1,1,120.00,120.00,0.45,,,,,,,,,,103,1,102.00,7,1,20,1,19,dgqok9ca,,,,,0
7,u01fgzgs,,0,479,1000,voting,Survey,2022-09-09 22:26:02.661180+00:00,1,,,158,7,,1,1,105.00,105.00,0.55,,,,,,,,,,113,1,102.00,7,1,20,1,19,dgqok9ca,,,,,0
8,x9op5bm3,,0,479,1000,voting,Survey,2022-09-09 22:26:09.894121+00:00,1,,,121,8,,0,1,102.00,102.00,0.64,,,,,,,,,,144,1,102.00,7,1,20,1,19,dgqok9ca,,,,,0
9,olpl4te6,,0,479,1000,voting,Survey,2022-09-09 22:26:30.824926+00:00,1,,,176,9,,1,1,109.00,109.00,0.73,,,,,,,,,,131,1,102.00,7,1,20,1,19,dgqok9ca,,,,,0
10,zdqm5mqn,,0,479,1000,voting,Survey,2022-09-09 22:26:06.112592+00:00,1,,,185,10,,0,1,102.00,102.00,0.82,,,,,,,,,,162,1,102.00,7,1,20,1,19,dgqok9ca,,,,,0
11,5vaz41yo,,0,479,1000,voting,Survey,2022-09-09 22:26:13.653469+00:00,1,,,148,11,,-1,0,102.00,102.00,0.91,,,,,,,,,,193,1,102.00,7,1,20,1,19,dgqok9ca,,,,,0
1,b3thk85v,,0,479,1000,voting,Survey,2022-09-09 22:26:05.968843+00:00,1,,,103,1,,-1,0,100.00,100.00,0.00,,,,,,,,,,103,1,103.00,6,1,20,1,20,dgqok9ca,,,,,0
2,8f4qdukq,,0,479,1000,voting,Survey,2022-09-09 22:26:35.069114+00:00,1,,,66,2,,1,0,120.00,120.00,0.09,,,,,,,,,,66,1,103.00,6,1,20,1,20,dgqok9ca,,,,,0
3,lip6wecw,,0,479,1000,voting,Survey,2022-09-09 22:26:04.572530+00:00,1,,,98,3,,0,0,103.00,103.00,0.18,,,,,,,,,,98,1,103.00,6,1,20,1,20,dgqok9ca,,,,,0
4,nmglt214,,0,479,1000,voting,Survey,2022-09-09 22:26:05.344885+00:00,1,,,84,4,,1,1,110.00,110.00,0.27,,,,,,,,,,84,1,103.00,6,1,20,1,20,dgqok9ca,,,,,0
5,7o35bquw,,0,479,1000,voting,Survey,2022-09-09 22:26:10.062216+00:00,1,,,139,5,,-1,0,100.00,100.00,0.36,,,,,,,,,,139,1,103.00,6,1,20,1,20,dgqok9ca,,,,,0
6,5h9lcz0l,,0,479,1000,voting,Survey,2022-09-09 22:26:00.015623+00:00,1,,,102,6,,1,1,111.00,111.00,0.45,,,,,,,,,,102,1,103.00,6,1,20,1,20,dgqok9ca,,,,,0
7,u01fgzgs,,0,479,1000,voting,Survey,2022-09-09 22:26:02.661180+00:00,1,,,158,7,,-1,0,100.00,100.00,0.55,,,,,,,,,,158,1,103.00,6,1,20,1,20,dgqok9ca,,,,,0
8,x9op5bm3,,0,479,1000,voting,Survey,2022-09-09 22:26:09.894121+00:00,1,,,121,8,,1,1,110.00,110.00,0.64,,,,,,,,,,121,1,103.00,6,1,20,1,20,dgqok9ca,,,,,0
9,olpl4te6,,0,479,1000,voting,Survey,2022-09-09 22:26:30.824926+00:00,1,,,176,9,,-1,0,90.00,90.00,0.73,,,,,,,,,,176,1,103.00,6,1,20,1,20,dgqok9ca,,,,,0
10,zdqm5mqn,,0,479,1000,voting,Survey,2022-09-09 22:26:06.112592+00:00,1,,,185,10,,-1,0,102.00,102.00,0.82,,,,,,,,,,185,1,103.00,6,1,20,1,20,dgqok9ca,,,,,0
11,5vaz41yo,,0,479,1000,voting,Survey,2022-09-09 22:26:13.653469+00:00,1,,,148,11,,1,1,104.00,104.00,0.91,,,,,,,,,,148,1,103.00,6,1,20,1,20,dgqok9ca,,,,,0
1,b3thk85v,,0,479,1000,voting,Survey,2022-09-09 22:26:05.968843+00:00,1,,,103,1,,-1,0,100.00,100.00,0.00,,,,,,,,,,103,1,103.00,6,1,20,1,21,dgqok9ca,,,,,0
2,8f4qdukq,,0,479,1000,voting,Survey,2022-09-09 22:26:35.069114+00:00,1,,,66,2,,1,0,125.00,125.00,0.09,,,,,,,,,,66,1,103.00,6,1,20,1,21,dgqok9ca,,,,,0
3,lip6wecw,,0,479,1000,voting,Survey,2022-09-09 22:26:04.572530+00:00,1,,,98,3,,-1,0,103.00,103.00,0.18,,,,,,,,,,121,1,103.00,6,1,20,1,21,dgqok9ca,,,,,0
4,nmglt214,,0,479,1000,voting,Survey,2022-09-09 22:26:05.344885+00:00,1,,,84,4,,-1,0,90.00,90.00,0.27,,,,,,,,,,130,1,103.00,6,1,20,1,21,dgqok9ca,,,,,0
5,7o35bquw,,0,479,1000,voting,Survey,2022-09-09 22:26:10.062216+00:00,1,,,139,5,,1,1,110.00,110.00,0.36,,,,,,,,,,93,1,103.00,6,1,20,1,21,dgqok9ca,,,,,0
6,5h9lcz0l,,0,479,1000,voting,Survey,2022-09-09 22:26:00.015623+00:00,1,,,102,6,,1,1,114.00,114.00,0.45,,,,,,,,,,102,1,103.00,6,1,20,1,21,dgqok9ca,,,,,0
7,u01fgzgs,,0,479,1000,voting,Survey,2022-09-09 22:26:02.661180+00:00,1,,,158,7,,-1,0,100.00,100.00,0.55,,,,,,,,,,158,1,103.00,6,1,20,1,21,dgqok9ca,,,,,0
8,x9op5bm3,,0,479,1000,voting,Survey,2022-09-09 22:26:09.894121+00:00,1,,,121,8,,0,1,103.00,103.00,0.64,,,,,,,,,,144,1,103.00,6,1,20,1,21,dgqok9ca,,,,,0
9,olpl4te6,,0,479,1000,voting,Survey,2022-09-09 22:26:30.824926+00:00,1,,,176,9,,1,1,108.00,108.00,0.73,,,,,,,,,,130,1,103.00,6,1,20,1,21,dgqok9ca,,,,,0
10,zdqm5mqn,,0,479,1000,voting,Survey,2022-09-09 22:26:06.112592+00:00,1,,,185,10,,-1,0,102.00,102.00,0.82,,,,,,,,,,185,1,103.00,6,1,20,1,21,dgqok9ca,,,,,0
11,5vaz41yo,,0,479,1000,voting,Survey,2022-09-09 22:26:13.653469+00:00,1,,,148,11,,1,1,106.00,106.00,0.91,,,,,,,,,,148,1,103.00,6,1,20,1,21,dgqok9ca,,,,,0
1,b3thk85v,,0,479,1000,voting,Survey,2022-09-09 22:26:05.968843+00:00,1,,,103,1,,-1,0,100.00,100.00,0.00,,,,,,,,,,103,1,103.00,6,1,20,1,22,dgqok9ca,,,,,0
2,8f4qdukq,,0,479,1000,voting,Survey,2022-09-09 22:26:35.069114+00:00,1,,,66,2,,-1,0,88.00,88.00,0.09,,,,,,,,,,112,1,103.00,6,1,20,1,22,dgqok9ca,,,,,0
3,lip6wecw,,0,479,1000,voting,Survey,2022-09-09 22:26:04.572530+00:00,1,,,98,3,,1,0,103.00,103.00,0.18,,,,,,,,,,75,1,103.00,6,1,20,1,22,dgqok9ca,,,,,0
4,nmglt214,,0,479,1000,voting,Survey,2022-09-09 22:26:05.344885+00:00,1,,,84,4,,-1,0,99.00,99.00,0.27,,,,,,,,,,130,1,103.00,6,1,20,1,22,dgqok9ca,,,,,0
5,7o35bquw,,0,479,1000,voting,Survey,2022-09-09 22:26:10.062216+00:00,1,,,139,5,,1,0,110.00,110.00,0.36,,,,,,,,,,93,1,103.00,6,1,20,1,22,dgqok9ca,,,,,0
6,5h9lcz0l,,0,479,1000,voting,Survey,2022-09-09 22:26:00.015623+00:00,1,,,102,6,,1,1,112.00,112.00,0.45,,,,,,,,,,102,1,103.00,6,1,20,1,22,dgqok9ca,,,,,0
7,u01fgzgs,,0,479,1000,voting,Survey,2022-09-09 22:26:02.661180+00:00,1,,,158,7,,-1,0,102.00,102.00,0.55,,,,,,,,,,158,1,103.00,6,1,20,1,22,dgqok9ca,,,,,0
8,x9op5bm3,,0,479,1000,voting,Survey,2022-09-09 22:26:09.894121+00:00,1,,,121,8,,0,1,103.00,103.00,0.64,,,,,,,,,,144,1,103.00,6,1,20,1,22,dgqok9ca,,,,,0
9,olpl4te6,,0,479,1000,voting,Survey,2022-09-09 22:26:30.824926+00:00,1,,,176,9,,1,1,109.00,109.00,0.73,,,,,,,,,,130,1,103.00,6,1,20,1,22,dgqok9ca,,,,,0
10,zdqm5mqn,,0,479,1000,voting,Survey,2022-09-09 22:26:06.112592+00:00,1,,,185,10,,-1,0,102.00,102.00,0.82,,,,,,,,,,185,1,103.00,6,1,20,1,22,dgqok9ca,,,,,0
11,5vaz41yo,,0,479,1000,voting,Survey,2022-09-09 22:26:13.653469+00:00,1,,,148,11,,1,1,106.00,106.00,0.91,,,,,,,,,,148,1,103.00,6,1,20,1,22,dgqok9ca,,,,,0
1,b3thk85v,,0,479,1000,voting,Survey,2022-09-09 22:26:05.968843+00:00,1,,,103,1,,-1,0,100.00,100.00,0.00,,,,,,,,,,102,1,102.00,6,1,20,1,23,dgqok9ca,,,,,0
2,8f4qdukq,,0,479,1000,voting,Survey,2022-09-09 22:26:35.069114+00:00,1,,,66,2,,1,0,111.00,111.00,0.09,,,,,,,,,,67,1,102.00,6,1,20,1,23,dgqok9ca,,,,,0
3,lip6wecw,,0,479,1000,voting,Survey,2022-09-09 22:26:04.572530+00:00,1,,,98,3,,-1,0,100.00,100.00,0.18,,,,,,,,,,120,1,102.00,6,1,20,1,23,dgqok9ca,,,,,0
4,nmglt214,,0,479,1000,voting,Survey,2022-09-09 22:26:05.344885+00:00,1,,,84,4,,-1,0,100.00,100.00,0.27,,,,,,,,,,129,1,102.00,6,1,20,1,23,dgqok9ca,,,,,0
5,7o35bquw,,0,479,1000,voting,Survey,2022-09-09 22:26:10.062216+00:00,1,,,139,5,,1,0,110.00,110.00,0.36,,,,,,,,,,94,1,102.00,6,1,20,1,23,dgqok9ca,,,,,0
6,5h9lcz0l,,0,479,1000,voting,Survey,2022-09-09 22:26:00.015623+00:00,1,,,102,6,,1,1,108.00,108.00,0.45,,,,,,,,,,103,1,102.00,6,1,20,1,23,dgqok9ca,,,,,0
7,u01fgzgs,,0,479,1000,voting,Survey,2022-09-09 22:26:02.661180+00:00,1,,,158,7,,0,1,102.00,102.00,0.55,,,,,,,,,,135,1,102.00,6,1,20,1,23,dgqok9ca,,,,,0
8,x9op5bm3,,0,479,1000,voting,Survey,2022-09-09 22:26:09.894121+00:00,1,,,121,8,,1,1,105.00,105.00,0.64,,,,,,,,,,122,1,102.00,6,1,20,1,23,dgqok9ca,,,,,0
9,olpl4te6,,0,479,1000,voting,Survey,2022-09-09 22:26:30.824926+00:00,1,,,176,9,,-1,0,99.00,99.00,0.73,,,,,,,,,,175,1,102.00,6,1,20,1,23,dgqok9ca,,,,,0
10,zdqm5mqn,,0,479,1000,voting,Survey,2022-09-09 22:26:06.112592+00:00,1,,,185,10,,-1,0,102.00,102.00,0.82,,,,,,,,,,184,1,102.00,6,1,20,1,23,dgqok9ca,,,,,0
11,5vaz41yo,,0,479,1000,voting,Survey,2022-09-09 22:26:13.653469+00:00,1,,,148,11,,1,1,106.00,106.00,0.91,,,,,,,,,,149,1,102.00,6,1,20,1,23,dgqok9ca,,,,,0
1,b3thk85v,,0,479,1000,voting,Survey,2022-09-09 22:26:05.968843+00:00,1,,,103,1,,0,0,102.00,102.00,0.00,,,,,,,,,,80,1,102.00,6,1,20,1,24,dgqok9ca,,,,,0
2,8f4qdukq,,0,479,1000,voting,Survey,2022-09-09 22:26:35.069114+00:00,1,,,66,2,,1,0,200.00,200.00,0.09,,,,,,,,,,67,1,102.00,6,1,20,1,24,dgqok9ca,,,,,0
3,lip6wecw,,0,479,1000,voting,Survey,2022-09-09 22:26:04.572530+00:00,1,,,98,3,,-1,0,100.00,100.00,0.18,,,,,,,,,,120,1,102.00,6,1,20,1,24,dgqok9ca,,,,,0
4,nmglt214,,0,479,1000,voting,Survey,2022-09-09 22:26:05.344885+00:00,1,,,84,4,,-1,0,99.00,99.00,0.27,,,,,,,,,,129,1,102.00,6,1,20,1,24,dgqok9ca,,,,,0
5,7o35bquw,,0,479,1000,voting,Survey,2022-09-09 22:26:10.062216+00:00,1,,,139,5,,1,0,104.00,104.00,0.36,,,,,,,,,,94,1,102.00,6,1,20,1,24,dgqok9ca,,,,,0
6,5h9lcz0l,,0,479,1000,voting,Survey,2022-09-09 22:26:00.015623+00:00,1,,,102,6,,1,1,117.00,117.00,0.45,,,,,,,,,,103,1,102.00,6,1,20,1,24,dgqok9ca,,,,,0
7,u01fgzgs,,0,479,1000,voting,Survey,2022-09-09 22:26:02.661180+00:00,1,,,158,7,,-1,0,100.00,100.00,0.55,,,,,,,,,,157,1,102.00,6,1,20,1,24,dgqok9ca,,,,,0
8,x9op5bm3,,0,479,1000,voting,Survey,2022-09-09 22:26:09.894121+00:00,1,,,121,8,,-1,0,102.00,102.00,0.64,,,,,,,,,,166,1,102.00,6,1,20,1,24,dgqok9ca,,,,,0
9,olpl4te6,,0,479,1000,voting,Survey,2022-09-09 22:26:30.824926+00:00,1,,,176,9,,1,1,130.00,130.00,0.73,,,,,,,,,,131,1,102.00,6,1,20,1,24,dgqok9ca,,,,,0
10,zdqm5mqn,,0,479,1000,voting,Survey,2022-09-09 22:26:06.112592+00:00,1,,,185,10,,-1,0,101.00,101.00,0.82,,,,,,,,,,184,1,102.00,6,1,20,1,24,dgqok9ca,,,,,0
11,5vaz41yo,,0,479,1000,voting,Survey,2022-09-09 22:26:13.653469+00:00,1,,,148,11,,1,1,105.00,105.00,0.91,,,,,,,,,,149,1,102.00,6,1,20,1,24,dgqok9ca,,,,,0
1,b3thk85v,,0,479,1000,voting,Survey,2022-09-09 22:26:05.968843+00:00,1,,,103,1,,-1,0,98.00,98.00,0.91,,,,,,,,,,103,1,103.00,6,0,60,1,25,dgqok9ca,,,,,0
2,8f4qdukq,,0,479,1000,voting,Survey,2022-09-09 22:26:35.069114+00:00,1,,,66,2,,1,0,150.00,150.00,0.82,,,,,,,,,,97,1,103.00,6,0,60,1,25,dgqok9ca,,,,,0
3,lip6wecw,,0,479,1000,voting,Survey,2022-09-09 22:26:04.572530+00:00,1,,,98,3,,-1,0,100.00,100.00,0.73,,,,,,,,,,103,1,103.00,6,0,60,1,25,dgqok9ca,,,,,0
4,nmglt214,,0,479,1000,voting,Survey,2022-09-09 22:26:05.344885+00:00,1,,,84,4,,1,0,180.00,180.00,0.64,,,,,,,,,,97,1,103.00,6,0,60,1,25,dgqok9ca,,,,,0
5,7o35bquw,,0,479,1000,voting,Survey,2022-09-09 22:26:10.062216+00:00,1,,,139,5,,1,0,104.00,104.00,0.55,,,,,,,,,,97,1,103.00,6,0,60,1,25,dgqok9ca,,,,,0
6,5h9lcz0l,,0,479,1000,voting,Survey,2022-09-09 22:26:00.015623+00:00,1,,,102,6,,1,0,199.00,199.00,0.27,,,,,,,,,,97,1,103.00,6,0,60,1,25,dgqok9ca,,,,,0
7,u01fgzgs,,0,479,1000,voting,Survey,2022-09-09 22:26:02.661180+00:00,1,,,158,7,,-1,0,100.00,100.00,0.36,,,,,,,,,,103,1,103.00,6,0,60,1,25,dgqok9ca,,,,,0
8,x9op5bm3,,0,479,1000,voting,Survey,2022-09-09 22:26:09.894121+00:00,1,,,121,8,,-1,0,102.00,102.00,0.45,,,,,,,,,,103,1,103.00,6,0,60,1,25,dgqok9ca,,,,,0
9,olpl4te6,,0,479,1000,voting,Survey,2022-09-09 22:26:30.824926+00:00,1,,,176,9,,0,0,103.00,103.00,0.18,,,,,,,,,,100,1,103.00,6,0,60,1,25,dgqok9ca,,,,,0
10,zdqm5mqn,,0,479,1000,voting,Survey,2022-09-09 22:26:06.112592+00:00,1,,,185,10,,-1,0,101.00,101.00,0.09,,,,,,,,,,103,1,103.00,6,0,60,1,25,dgqok9ca,,,,,0
11,5vaz41yo,,0,479,1000,voting,Survey,2022-09-09 22:26:13.653469+00:00,1,,,148,11,,1,0,105.00,105.00,0.00,,,,,,,,,,97,1,103.00,6,0,60,1,25,dgqok9ca,,,,,0
1,b3thk85v,,0,479,1000,voting,Survey,2022-09-09 22:26:05.968843+00:00,1,,,103,1,,-1,0,90.00,90.00,0.91,,,,,,,,,,102,1,102.00,6,0,60,1,26,dgqok9ca,,,,,0
2,8f4qdukq,,0,479,1000,voting,Survey,2022-09-09 22:26:35.069114+00:00,1,,,66,2,,-1,0,90.00,90.00,0.82,,,,,,,,,,102,1,102.00,6,0,60,1,26,dgqok9ca,,,,,0
3,lip6wecw,,0,479,1000,voting,Survey,2022-09-09 22:26:04.572530+00:00,1,,,98,3,,-1,0,100.00,100.00,0.73,,,,,,,,,,102,1,102.00,6,0,60,1,26,dgqok9ca,,,,,0
4,nmglt214,,0,479,1000,voting,Survey,2022-09-09 22:26:05.344885+00:00,1,,,84,4,,-1,0,99.00,99.00,0.64,,,,,,,,,,102,1,102.00,6,0,60,1,26,dgqok9ca,,,,,0
5,7o35bquw,,0,479,1000,voting,Survey,2022-09-09 22:26:10.062216+00:00,1,,,139,5,,1,0,104.00,104.00,0.55,,,,,,,,,,98,1,102.00,6,0,60,1,26,dgqok9ca,,,,,0
6,5h9lcz0l,,0,479,1000,voting,Survey,2022-09-09 22:26:00.015623+00:00,1,,,102,6,,1,0,120.00,120.00,0.27,,,,,,,,,,98,1,102.00,6,0,60,1,26,dgqok9ca,,,,,0
7,u01fgzgs,,0,479,1000,voting,Survey,2022-09-09 22:26:02.661180+00:00,1,,,158,7,,1,0,105.00,105.00,0.36,,,,,,,,,,98,1,102.00,6,0,60,1,26,dgqok9ca,,,,,0
8,x9op5bm3,,0,479,1000,voting,Survey,2022-09-09 22:26:09.894121+00:00,1,,,121,8,,1,0,104.00,104.00,0.45,,,,,,,,,,98,1,102.00,6,0,60,1,26,dgqok9ca,,,,,0
9,olpl4te6,,0,479,1000,voting,Survey,2022-09-09 22:26:30.824926+00:00,1,,,176,9,,-1,0,80.00,80.00,0.18,,,,,,,,,,102,1,102.00,6,0,60,1,26,dgqok9ca,,,,,0
10,zdqm5mqn,,0,479,1000,voting,Survey,2022-09-09 22:26:06.112592+00:00,1,,,185,10,,0,0,102.00,102.00,0.09,,,,,,,,,,100,1,102.00,6,0,60,1,26,dgqok9ca,,,,,0
11,5vaz41yo,,0,479,1000,voting,Survey,2022-09-09 22:26:13.653469+00:00,1,,,148,11,,1,0,104.00,104.00,0.00,,,,,,,,,,98,1,102.00,6,0,60,1,26,dgqok9ca,,,,,0
1,b3thk85v,,0,479,1000,voting,Survey,2022-09-09 22:26:05.968843+00:00,1,,,103,1,,1,0,102.00,102.00,0.91,,,,,,,,,,100,1,100.00,7,0,60,1,27,dgqok9ca,,,,,0
2,8f4qdukq,,0,479,1000,voting,Survey,2022-09-09 22:26:35.069114+00:00,1,,,66,2,,-1,0,99.00,99.00,0.82,,,,,,,,,,100,1,100.00,7,0,60,1,27,dgqok9ca,,,,,0
3,lip6wecw,,0,479,1000,voting,Survey,2022-09-09 22:26:04.572530+00:00,1,,,98,3,,0,1,100.00,100.00,0.73,,,,,,,,,,100,1,100.00,7,0,60,1,27,dgqok9ca,,,,,0
4,nmglt214,,0,479,1000,voting,Survey,2022-09-09 22:26:05.344885+00:00,1,,,84,4,,-1,0,99.00,99.00,0.64,,,,,,,,,,100,1,100.00,7,0,60,1,27,dgqok9ca,,,,,0
5,7o35bquw,,0,479,1000,voting,Survey,2022-09-09 22:26:10.062216+00:00,1,,,139,5,,1,0,104.00,104.00,0.55,,,,,,,,,,100,1,100.00,7,0,60,1,27,dgqok9ca,,,,,0
6,5h9lcz0l,,0,479,1000,voting,Survey,2022-09-09 22:26:00.015623+00:00,1,,,102,6,,1,0,120.00,120.00,0.27,,,,,,,,,,100,1,100.00,7,0,60,1,27,dgqok9ca,,,,,0
7,u01fgzgs,,0,479,1000,voting,Survey,2022-09-09 22:26:02.661180+00:00,1,,,158,7,,0,0,100.00,100.00,0.36,,,,,,,,,,100,1,100.00,7,0,60,1,27,dgqok9ca,,,,,0
8,x9op5bm3,,0,479,1000,voting,Survey,2022-09-09 22:26:09.894121+00:00,1,,,121,8,,-1,0,99.00,99.00,0.45,,,,,,,,,,100,1,100.00,7,0,60,1,27,dgqok9ca,,,,,0
9,olpl4te6,,0,479,1000,voting,Survey,2022-09-09 22:26:30.824926+00:00,1,,,176,9,,-1,0,60.00,60.00,0.18,,,,,,,,,,100,1,100.00,7,0,60,1,27,dgqok9ca,,,,,0
10,zdqm5mqn,,0,479,1000,voting,Survey,2022-09-09 22:26:06.112592+00:00,1,,,185,10,,1,0,103.00,103.00,0.09,,,,,,,,,,100,1,100.00,7,0,60,1,27,dgqok9ca,,,,,0
11,5vaz41yo,,0,479,1000,voting,Survey,2022-09-09 22:26:13.653469+00:00,1,,,148,11,,0,0,100.00,100.00,0.00,,,,,,,,,,100,1,100.00,7,0,60,1,27,dgqok9ca,,,,,0
1,b3thk85v,,0,479,1000,voting,Survey,2022-09-09 22:26:05.968843+00:00,1,,,103,1,,-1,0,90.00,90.00,0.91,,,,,,,,,,102,1,102.00,6,0,60,1,28,dgqok9ca,,,,,0
2,8f4qdukq,,0,479,1000,voting,Survey,2022-09-09 22:26:35.069114+00:00,1,,,66,2,,-1,0,101.00,101.00,0.82,,,,,,,,,,102,1,102.00,6,0,60,1,28,dgqok9ca,,,,,0
3,lip6wecw,,0,479,1000,voting,Survey,2022-09-09 22:26:04.572530+00:00,1,,,98,3,,-1,0,100.00,100.00,0.73,,,,,,,,,,102,1,102.00,6,0,60,1,28,dgqok9ca,,,,,0
4,nmglt214,,0,479,1000,voting,Survey,2022-09-09 22:26:05.344885+00:00,1,,,84,4,,1,0,110.00,110.00,0.64,,,,,,,,,,98,1,102.00,6,0,60,1,28,dgqok9ca,,,,,0
5,7o35bquw,,0,479,1000,voting,Survey,2022-09-09 22:26:10.062216+00:00,1,,,139,5,,1,0,104.00,104.00,0.55,,,,,,,,,,98,1,102.00,6,0,60,1,28,dgqok9ca,,,,,0
6,5h9lcz0l,,0,479,1000,voting,Survey,2022-09-09 22:26:00.015623+00:00,1,,,102,6,,1,0,110.00,110.00,0.27,,,,,,,,,,98,1,102.00,6,0,60,1,28,dgqok9ca,,,,,0
7,u01fgzgs,,0,479,1000,voting,Survey,2022-09-09 22:26:02.661180+00:00,1,,,158,7,,-1,0,100.00,100.00,0.36,,,,,,,,,,102,1,102.00,6,0,60,1,28,dgqok9ca,,,,,0
8,x9op5bm3,,0,479,1000,voting,Survey,2022-09-09 22:26:09.894121+00:00,1,,,121,8,,-1,0,100.00,100.00,0.45,,,,,,,,,,102,1,102.00,6,0,60,1,28,dgqok9ca,,,,,0
9,olpl4te6,,0,479,1000,voting,Survey,2022-09-09 22:26:30.824926+00:00,1,,,176,9,,1,0,109.00,109.00,0.18,,,,,,,,,,98,1,102.00,6,0,60,1,28,dgqok9ca,,,,,0
10,zdqm5mqn,,0,479,1000,voting,Survey,2022-09-09 22:26:06.112592+00:00,1,,,185,10,,1,0,104.00,104.00,0.09,,,,,,,,,,98,1,102.00,6,0,60,1,28,dgqok9ca,,,,,0
11,5vaz41yo,,0,479,1000,voting,Survey,2022-09-09 22:26:13.653469+00:00,1,,,148,11,,0,0,102.00,102.00,0.00,,,,,,,,,,100,1,102.00,6,0,60,1,28,dgqok9ca,,,,,0
1,b3thk85v,,0,479,1000,voting,Survey,2022-09-09 22:26:05.968843+00:00,1,,,103,1,,-1,0,90.00,90.00,0.91,,,,,,,,,,101,1,101.00,5,0,60,1,29,dgqok9ca,,,,,0
2,8f4qdukq,,0,479,1000,voting,Survey,2022-09-09 22:26:35.069114+00:00,1,,,66,2,,1,0,108.00,108.00,0.82,,,,,,,,,,99,1,101.00,5,0,60,1,29,dgqok9ca,,,,,0
3,lip6wecw,,0,479,1000,voting,Survey,2022-09-09 22:26:04.572530+00:00,1,,,98,3,,-1,0,100.00,100.00,0.73,,,,,,,,,,101,1,101.00,5,0,60,1,29,dgqok9ca,,,,,0
4,nmglt214,,0,479,1000,voting,Survey,2022-09-09 22:26:05.344885+00:00,1,,,84,4,,-1,0,99.00,99.00,0.64,,,,,,,,,,101,1,101.00,5,0,60,1,29,dgqok9ca,,,,,0
5,7o35bquw,,0,479,1000,voting,Survey,2022-09-09 22:26:10.062216+00:00,1,,,139,5,,0,0,0.00,0.00,0.55,,,,,,,,,,100,1,101.00,5,0,60,1,29,dgqok9ca,,,,,0
6,5h9lcz0l,,0,479,1000,voting,Survey,2022-09-09 22:26:00.015623+00:00,1,,,102,6,,1,0,104.00,104.00,0.27,,,,,,,,,,99,1,101.00,5,0,60,1,29,dgqok9ca,,,,,0
7,u01fgzgs,,0,479,1000,voting,Survey,2022-09-09 22:26:02.661180+00:00,1,,,158,7,,-1,0,100.00,100.00,0.36,,,,,,,,,,101,1,101.00,5,0,60,1,29,dgqok9ca,,,,,0
8,x9op5bm3,,0,479,1000,voting,Survey,2022-09-09 22:26:09.894121+00:00,1,,,121,8,,1,0,102.00,102.00,0.45,,,,,,,,,,99,1,101.00,5,0,60,1,29,dgqok9ca,,,,,0
9,olpl4te6,,0,479,1000,voting,Survey,2022-09-09 22:26:30.824926+00:00,1,,,176,9,,-1,0,100.00,100.00,0.18,,,,,,,,,,101,1,101.00,5,0,60,1,29,dgqok9ca,,,,,0
10,zdqm5mqn,,0,479,1000,voting,Survey,2022-09-09 22:26:06.112592+00:00,1,,,185,10,,1,0,104.00,104.00,0.09,,,,,,,,,,99,1,101.00,5,0,60,1,29,dgqok9ca,,,,,0
11,5vaz41yo,,0,479,1000,voting,Survey,2022-09-09 22:26:13.653469+00:00,1,,,148,11,,1,0,104.00,104.00,0.00,,,,,,,,,,99,1,101.00,5,0,60,1,29,dgqok9ca,,,,,0
1,b3thk85v,,0,479,1000,voting,Survey,2022-09-09 22:26:05.968843+00:00,1,,,103,1,,-1,0,99.00,99.00,0.91,,,,,,,,,,102,1,102.00,6,0,60,1,30,dgqok9ca,,,,,0
2,8f4qdukq,,0,479,1000,voting,Survey,2022-09-09 22:26:35.069114+00:00,1,,,66,2,,1,0,103.00,103.00,0.82,,,,,,,,,,98,1,102.00,6,0,60,1,30,dgqok9ca,,,,,0
3,lip6wecw,,0,479,1000,voting,Survey,2022-09-09 22:26:04.572530+00:00,1,,,98,3,,-1,0,100.00,100.00,0.73,,,,,,,,,,102,1,102.00,6,0,60,1,30,dgqok9ca,,,,,0
4,nmglt214,,0,479,1000,voting,Survey,2022-09-09 22:26:05.344885+00:00,1,,,84,4,,-1,0,99.00,99.00,0.64,,,,,,,,,,102,1,102.00,6,0,60,1,30,dgqok9ca,,,,,0
5,7o35bquw,,0,479,1000,voting,Survey,2022-09-09 22:26:10.062216+00:00,1,,,139,5,,1,0,104.00,104.00,0.55,,,,,,,,,,98,1,102.00,6,0,60,1,30,dgqok9ca,,,,,0
6,5h9lcz0l,,0,479,1000,voting,Survey,2022-09-09 22:26:00.015623+00:00,1,,,102,6,,1,0,105.00,105.00,0.27,,,,,,,,,,98,1,102.00,6,0,60,1,30,dgqok9ca,,,,,0
7,u01fgzgs,,0,479,1000,voting,Survey,2022-09-09 22:26:02.661180+00:00,1,,,158,7,,-1,0,100.00,100.00,0.36,,,,,,,,,,102,1,102.00,6,0,60,1,30,dgqok9ca,,,,,0
8,x9op5bm3,,0,479,1000,voting,Survey,2022-09-09 22:26:09.894121+00:00,1,,,121,8,,0,0,102.00,102.00,0.45,,,,,,,,,,100,1,102.00,6,0,60,1,30,dgqok9ca,,,,,0
9,olpl4te6,,0,479,1000,voting,Survey,2022-09-09 22:26:30.824926+00:00,1,,,176,9,,-1,0,100.00,100.00,0.18,,,,,,,,,,102,1,102.00,6,0,60,1,30,dgqok9ca,,,,,0
10,zdqm5mqn,,0,479,1000,voting,Survey,2022-09-09 22:26:06.112592+00:00,1,,,185,10,,1,0,102.00,102.00,0.09,,,,,,,,,,98,1,102.00,6,0,60,1,30,dgqok9ca,,,,,0
11,5vaz41yo,,0,479,1000,voting,Survey,2022-09-09 22:26:13.653469+00:00,1,,,148,11,,1,0,103.00,103.00,0.00,,,,,,,,,,98,1,102.00,6,0,60,1,30,dgqok9ca,,,,,0
1,b3thk85v,,0,479,1000,voting,Survey,2022-09-09 22:26:05.968843+00:00,1,,,103,1,,-1,0,100.00,100.00,0.91,,,,,,,,,,102,1,102.00,6,0,60,1,31,dgqok9ca,,,,,0
2,8f4qdukq,,0,479,1000,voting,Survey,2022-09-09 22:26:35.069114+00:00,1,,,66,2,,1,0,188.00,188.00,0.82,,,,,,,,,,98,1,102.00,6,0,60,1,31,dgqok9ca,,,,,0
3,lip6wecw,,0,479,1000,voting,Survey,2022-09-09 22:26:04.572530+00:00,1,,,98,3,,-1,0,101.00,101.00,0.73,,,,,,,,,,102,1,102.00,6,0,60,1,31,dgqok9ca,,,,,0
4,nmglt214,,0,479,1000,voting,Survey,2022-09-09 22:26:05.344885+00:00,1,,,84,4,,1,1,200.00,200.00,0.64,,,,,,,,,,98,1,102.00,6,0,60,1,31,dgqok9ca,,,,,0
5,7o35bquw,,0,479,1000,voting,Survey,2022-09-09 22:26:10.062216+00:00,1,,,139,5,,1,0,104.00,104.00,0.55,,,,,,,,,,98,1,102.00,6,0,60,1,31,dgqok9ca,,,,,0
6,5h9lcz0l,,0,479,1000,voting,Survey,2022-09-09 22:26:00.015623+00:00,1,,,102,6,,1,0,183.00,183.00,0.27,,,,,,,,,,98,1,102.00,6,0,60,1,31,dgqok9ca,,,,,0
7,u01fgzgs,,0,479,1000,voting,Survey,2022-09-09 22:26:02.661180+00:00,1,,,158,7,,-1,0,100.00,100.00,0.36,,,,,,,,,,102,1,102.00,6,0,60,1,31,dgqok9ca,,,,,0
8,x9op5bm3,,0,479,1000,voting,Survey,2022-09-09 22:26:09.894121+00:00,1,,,121,8,,-1,0,101.00,101.00,0.45,,,,,,,,,,102,1,102.00,6,0,60,1,31,dgqok9ca,,,,,0
9,olpl4te6,,0,479,1000,voting,Survey,2022-09-09 22:26:30.824926+00:00,1,,,176,9,,-1,0,99.00,99.00,0.18,,,,,,,,,,102,1,102.00,6,0,60,1,31,dgqok9ca,,,,,0
10,zdqm5mqn,,0,479,1000,voting,Survey,2022-09-09 22:26:06.112592+00:00,1,,,185,10,,0,0,102.00,102.00,0.09,,,,,,,,,,100,1,102.00,6,0,60,1,31,dgqok9ca,,,,,0
11,5vaz41yo,,0,479,1000,voting,Survey,2022-09-09 22:26:13.653469+00:00,1,,,148,11,,1,0,104.00,104.00,0.00,,,,,,,,,,98,1,102.00,6,0,60,1,31,dgqok9ca,,,,,0
1,b3thk85v,,0,479,1000,voting,Survey,2022-09-09 22:26:05.968843+00:00,1,,,103,1,,-1,0,100.00,100.00,0.91,,,,,,,,,,101,1,101.00,6,0,60,1,32,dgqok9ca,,,,,0
2,8f4qdukq,,0,479,1000,voting,Survey,2022-09-09 22:26:35.069114+00:00,1,,,66,2,,-1,0,88.00,88.00,0.82,,,,,,,,,,101,1,101.00,6,0,60,1,32,dgqok9ca,,,,,0
3,lip6wecw,,0,479,1000,voting,Survey,2022-09-09 22:26:04.572530+00:00,1,,,98,3,,0,1,101.00,101.00,0.73,,,,,,,,,,100,1,101.00,6,0,60,1,32,dgqok9ca,,,,,0
4,nmglt214,,0,479,1000,voting,Survey,2022-09-09 22:26:05.344885+00:00,1,,,84,4,,-1,0,40.00,40.00,0.64,,,,,,,,,,101,1,101.00,6,0,60,1,32,dgqok9ca,,,,,0
5,7o35bquw,,0,479,1000,voting,Survey,2022-09-09 22:26:10.062216+00:00,1,,,139,5,,1,0,104.00,104.00,0.55,,,,,,,,,,99,1,101.00,6,0,60,1,32,dgqok9ca,,,,,0
6,5h9lcz0l,,0,479,1000,voting,Survey,2022-09-09 22:26:00.015623+00:00,1,,,102,6,,1,0,104.00,104.00,0.27,,,,,,,,,,99,1,101.00,6,0,60,1,32,dgqok9ca,,,,,0
7,u01fgzgs,,0,479,1000,voting,Survey,2022-09-09 22:26:02.661180+00:00,1,,,158,7,,-1,0,100.00,100.00,0.36,,,,,,,,,,101,1,101.00,6,0,60,1,32,dgqok9ca,,,,,0
8,x9op5bm3,,0,479,1000,voting,Survey,2022-09-09 22:26:09.894121+00:00,1,,,121,8,,1,0,103.00,103.00,0.45,,,,,,,,,,99,1,101.00,6,0,60,1,32,dgqok9ca,,,,,0
9,olpl4te6,,0,479,1000,voting,Survey,2022-09-09 22:26:30.824926+00:00,1,,,176,9,,-1,0,90.00,90.00,0.18,,,,,,,,,,101,1,101.00,6,0,60,1,32,dgqok9ca,,,,,0
10,zdqm5mqn,,0,479,1000,voting,Survey,2022-09-09 22:26:06.112592+00:00,1,,,185,10,,1,0,102.00,102.00,0.09,,,,,,,,,,99,1,101.00,6,0,60,1,32,dgqok9ca,,,,,0
11,5vaz41yo,,0,479,1000,voting,Survey,2022-09-09 22:26:13.653469+00:00,1,,,148,11,,1,0,103.00,103.00,0.00,,,,,,,,,,99,1,101.00,6,0,60,1,32,dgqok9ca,,,,,0
1,b3thk85v,,0,479,1000,voting,Survey,2022-09-09 22:26:05.968843+00:00,1,,,103,1,,-1,0,100.00,100.00,0.91,,,,,,,,,,103,1,103.00,6,0,40,1,33,dgqok9ca,,,,,0
2,8f4qdukq,,0,479,1000,voting,Survey,2022-09-09 22:26:35.069114+00:00,1,,,66,2,,1,1,103.00,103.00,0.82,,,,,,,,,,97,1,103.00,6,0,40,1,33,dgqok9ca,,,,,0
3,lip6wecw,,0,479,1000,voting,Survey,2022-09-09 22:26:04.572530+00:00,1,,,98,3,,-1,0,100.00,100.00,0.73,,,,,,,,,,103,1,103.00,6,0,40,1,33,dgqok9ca,,,,,0
4,nmglt214,,0,479,1000,voting,Survey,2022-09-09 22:26:05.344885+00:00,1,,,84,4,,-1,0,50.00,50.00,0.64,,,,,,,,,,103,1,103.00,6,0,40,1,33,dgqok9ca,,,,,0
5,7o35bquw,,0,479,1000,voting,Survey,2022-09-09 22:26:10.062216+00:00,1,,,139,5,,1,0,104.00,104.00,0.55,,,,,,,,,,97,1,103.00,6,0,40,1,33,dgqok9ca,,,,,0
6,5h9lcz0l,,0,479,1000,voting,Survey,2022-09-09 22:26:00.015623+00:00,1,,,102,6,,1,0,120.00,120.00,0.27,,,,,,,,,,97,1,103.00,6,0,40,1,33,dgqok9ca,,,,,0
7,u01fgzgs,,0,479,1000,voting,Survey,2022-09-09 22:26:02.661180+00:00,1,,,158,7,,-1,0,100.00,100.00,0.36,,,,,,,,,,103,1,103.00,6,0,40,1,33,dgqok9ca,,,,,0
8,x9op5bm3,,0,479,1000,voting,Survey,2022-09-09 22:26:09.894121+00:00,1,,,121,8,,1,0,103.00,103.00,0.45,,,,,,,,,,97,1,103.00,6,0,40,1,33,dgqok9ca,,,,,0
9,olpl4te6,,0,479,1000,voting,Survey,2022-09-09 22:26:30.824926+00:00,1,,,176,9,,1,0,103.00,103.00,0.18,,,,,,,,,,97,1,103.00,6,0,40,1,33,dgqok9ca,,,,,0
10,zdqm5mqn,,0,479,1000,voting,Survey,2022-09-09 22:26:06.112592+00:00,1,,,185,10,,-1,0,102.00,102.00,0.09,,,,,,,,,,103,1,103.00,6,0,40,1,33,dgqok9ca,,,,,0
11,5vaz41yo,,0,479,1000,voting,Survey,2022-09-09 22:26:13.653469+00:00,1,,,148,11,,0,0,103.00,103.00,0.00,,,,,,,,,,100,1,103.00,6,0,40,1,33,dgqok9ca,,,,,0
1,b3thk85v,,0,479,1000,voting,Survey,2022-09-09 22:26:05.968843+00:00,1,,,103,1,,-1,0,100.00,100.00,0.91,,,,,,,,,,102,1,102.00,6,0,40,1,34,dgqok9ca,,,,,0
2,8f4qdukq,,0,479,1000,voting,Survey,2022-09-09 22:26:35.069114+00:00,1,,,66,2,,1,1,104.00,104.00,0.82,,,,,,,,,,98,1,102.00,6,0,40,1,34,dgqok9ca,,,,,0
3,lip6wecw,,0,479,1000,voting,Survey,2022-09-09 22:26:04.572530+00:00,1,,,98,3,,-1,0,100.00,100.00,0.73,,,,,,,,,,102,1,102.00,6,0,40,1,34,dgqok9ca,,,,,0
4,nmglt214,,0,479,1000,voting,Survey,2022-09-09 22:26:05.344885+00:00,1,,,84,4,,-1,0,80.00,80.00,0.64,,,,,,,,,,102,1,102.00,6,0,40,1,34,dgqok9ca,,,,,0
5,7o35bquw,,0,479,1000,voting,Survey,2022-09-09 22:26:10.062216+00:00,1,,,139,5,,1,0,104.00,104.00,0.55,,,,,,,,,,98,1,102.00,6,0,40,1,34,dgqok9ca,,,,,0
6,5h9lcz0l,,0,479,1000,voting,Survey,2022-09-09 22:26:00.015623+00:00,1,,,102,6,,1,0,114.00,114.00,0.27,,,,,,,,,,98,1,102.00,6,0,40,1,34,dgqok9ca,,,,,0
7,u01fgzgs,,0,479,1000,voting,Survey,2022-09-09 22:26:02.661180+00:00,1,,,158,7,,-1,0,100.00,100.00,0.36,,,,,,,,,,102,1,102.00,6,0,40,1,34,dgqok9ca,,,,,0
8,x9op5bm3,,0,479,1000,voting,Survey,2022-09-09 22:26:09.894121+00:00,1,,,121,8,,0,1,102.00,102.00,0.45,,,,,,,,,,100,1,102.00,6,0,40,1,34,dgqok9ca,,,,,0
9,olpl4te6,,0,479,1000,voting,Survey,2022-09-09 22:26:30.824926+00:00,1,,,176,9,,-1,0,99.00,99.00,0.18,,,,,,,,,,102,1,102.00,6,0,40,1,34,dgqok9ca,,,,,0
10,zdqm5mqn,,0,479,1000,voting,Survey,2022-09-09 22:26:06.112592+00:00,1,,,185,10,,1,0,102.00,102.00,0.09,,,,,,,,,,98,1,102.00,6,0,40,1,34,dgqok9ca,,,,,0
11,5vaz41yo,,0,479,1000,voting,Survey,2022-09-09 22:26:13.653469+00:00,1,,,148,11,,1,0,104.00,104.00,0.00,,,,,,,,,,98,1,102.00,6,0,40,1,34,dgqok9ca,,,,,0
1,b3thk85v,,0,479,1000,voting,Survey,2022-09-09 22:26:05.968843+00:00,1,,,103,1,,1,1,104.00,104.00,0.91,,,,,,,,,,110,1,101.00,6,1,40,1,35,dgqok9ca,,,,,0
2,8f4qdukq,,0,479,1000,voting,Survey,2022-09-09 22:26:35.069114+00:00,1,,,66,2,,1,1,102.50,102.50,0.82,,,,,,,,,,101,1,101.00,6,1,40,1,35,dgqok9ca,,,,,0
3,lip6wecw,,0,479,1000,voting,Survey,2022-09-09 22:26:04.572530+00:00,1,,,98,3,,-1,0,100.00,100.00,0.73,,,,,,,,,,174,1,101.00,6,1,40,1,35,dgqok9ca,,,,,0
4,nmglt214,,0,479,1000,voting,Survey,2022-09-09 22:26:05.344885+00:00,1,,,84,4,,-1,0,89.00,89.00,0.64,,,,,,,,,,165,1,101.00,6,1,40,1,35,dgqok9ca,,,,,0
5,7o35bquw,,0,479,1000,voting,Survey,2022-09-09 22:26:10.062216+00:00,1,,,139,5,,-1,0,10.00,10.00,0.55,,,,,,,,,,156,1,101.00,6,1,40,1,35,dgqok9ca,,,,,0
6,5h9lcz0l,,0,479,1000,voting,Survey,2022-09-09 22:26:00.015623+00:00,1,,,102,6,,1,0,113.00,113.00,0.27,,,,,,,,,,46,1,101.00,6,1,40,1,35,dgqok9ca,,,,,0
7,u01fgzgs,,0,479,1000,voting,Survey,2022-09-09 22:26:02.661180+00:00,1,,,158,7,,-1,0,100.00,100.00,0.36,,,,,,,,,,137,1,101.00,6,1,40,1,35,dgqok9ca,,,,,0
8,x9op5bm3,,0,479,1000,voting,Survey,2022-09-09 22:26:09.894121+00:00,1,,,121,8,,0,1,101.00,101.00,0.45,,,,,,,,,,105,1,101.00,6,1,40,1,35,dgqok9ca,,,,,0
9,olpl4te6,,0,479,1000,voting,Survey,2022-09-09 22:26:30.824926+00:00,1,,,176,9,,1,1,102.00,102.00,0.18,,,,,,,,,,37,1,101.00,6,1,40,1,35,dgqok9ca,,,,,0
10,zdqm5mqn,,0,479,1000,voting,Survey,2022-09-09 22:26:06.112592+00:00,1,,,185,10,,-1,0,101.00,101.00,0.09,,,,,,,,,,110,1,101.00,6,1,40,1,35,dgqok9ca,,,,,0
11,5vaz41yo,,0,479,1000,voting,Survey,2022-09-09 22:26:13.653469+00:00,1,,,148,11,,1,0,104.00,104.00,0.00,,,,,,,,,,19,1,101.00,6,1,40,1,35,dgqok9ca,,,,,0
1,b3thk85v,,0,479,1000,voting,Survey,2022-09-09 22:26:05.968843+00:00,1,,,103,1,,-1,0,100.00,100.00,0.91,,,,,,,,,,102,1,102.00,6,0,40,1,36,dgqok9ca,,,,,0
2,8f4qdukq,,0,479,1000,voting,Survey,2022-09-09 22:26:35.069114+00:00,1,,,66,2,,-1,0,101.00,101.00,0.82,,,,,,,,,,102,1,102.00,6,0,40,1,36,dgqok9ca,,,,,0
3,lip6wecw,,0,479,1000,voting,Survey,2022-09-09 22:26:04.572530+00:00,1,,,98,3,,-1,0,75.00,75.00,0.73,,,,,,,,,,102,1,102.00,6,0,40,1,36,dgqok9ca,,,,,0
4,nmglt214,,0,479,1000,voting,Survey,2022-09-09 22:26:05.344885+00:00,1,,,84,4,,-1,0,78.00,78.00,0.64,,,,,,,,,,102,1,102.00,6,0,40,1,36,dgqok9ca,,,,,0
5,7o35bquw,,0,479,1000,voting,Survey,2022-09-09 22:26:10.062216+00:00,1,,,139,5,,1,0,104.00,104.00,0.55,,,,,,,,,,98,1,102.00,6,0,40,1,36,dgqok9ca,,,,,0
6,5h9lcz0l,,0,479,1000,voting,Survey,2022-09-09 22:26:00.015623+00:00,1,,,102,6,,1,0,129.00,129.00,0.27,,,,,,,,,,98,1,102.00,6,0,40,1,36,dgqok9ca,,,,,0
7,u01fgzgs,,0,479,1000,voting,Survey,2022-09-09 22:26:02.661180+00:00,1,,,158,7,,-1,0,100.00,100.00,0.36,,,,,,,,,,102,1,102.00,6,0,40,1,36,dgqok9ca,,,,,0
8,x9op5bm3,,0,479,1000,voting,Survey,2022-09-09 22:26:09.894121+00:00,1,,,121,8,,0,1,102.00,102.00,0.45,,,,,,,,,,100,1,102.00,6,0,40,1,36,dgqok9ca,,,,,0
9,olpl4te6,,0,479,1000,voting,Survey,2022-09-09 22:26:30.824926+00:00,1,,,176,9,,1,0,102.00,102.00,0.18,,,,,,,,,,98,1,102.00,6,0,40,1,36,dgqok9ca,,,,,0
10,zdqm5mqn,,0,479,1000,voting,Survey,2022-09-09 22:26:06.112592+00:00,1,,,185,10,,1,0,102.00,102.00,0.09,,,,,,,,,,98,1,102.00,6,0,40,1,36,dgqok9ca,,,,,0
11,5vaz41yo,,0,479,1000,voting,Survey,2022-09-09 22:26:13.653469+00:00,1,,,148,11,,1,0,104.00,104.00,0.00,,,,,,,,,,98,1,102.00,6,0,40,1,36,dgqok9ca,,,,,0
1,b3thk85v,,0,479,1000,voting,Survey,2022-09-09 22:26:05.968843+00:00,1,,,103,1,,1,0,102.00,102.00,0.91,,,,,,,,,,99,1,101.00,6,0,40,1,37,dgqok9ca,,,,,0
2,8f4qdukq,,0,479,1000,voting,Survey,2022-09-09 22:26:35.069114+00:00,1,,,66,2,,1,1,102.00,102.00,0.82,,,,,,,,,,99,1,101.00,6,0,40,1,37,dgqok9ca,,,,,0
3,lip6wecw,,0,479,1000,voting,Survey,2022-09-09 22:26:04.572530+00:00,1,,,98,3,,-1,0,75.00,75.00,0.73,,,,,,,,,,101,1,101.00,6,0,40,1,37,dgqok9ca,,,,,0
4,nmglt214,,0,479,1000,voting,Survey,2022-09-09 22:26:05.344885+00:00,1,,,84,4,,-1,0,88.00,88.00,0.64,,,,,,,,,,101,1,101.00,6,0,40,1,37,dgqok9ca,,,,,0
5,7o35bquw,,0,479,1000,voting,Survey,2022-09-09 22:26:10.062216+00:00,1,,,139,5,,-1,0,1.00,1.00,0.55,,,,,,,,,,101,1,101.00,6,0,40,1,37,dgqok9ca,,,,,0
6,5h9lcz0l,,0,479,1000,voting,Survey,2022-09-09 22:26:00.015623+00:00,1,,,102,6,,1,0,120.00,120.00,0.27,,,,,,,,,,99,1,101.00,6,0,40,1,37,dgqok9ca,,,,,0
7,u01fgzgs,,0,479,1000,voting,Survey,2022-09-09 22:26:02.661180+00:00,1,,,158,7,,-1,0,100.00,100.00,0.36,,,,,,,,,,101,1,101.00,6,0,40,1,37,dgqok9ca,,,,,0
8,x9op5bm3,,0,479,1000,voting,Survey,2022-09-09 22:26:09.894121+00:00,1,,,121,8,,1,0,103.00,103.00,0.45,,,,,,,,,,99,1,101.00,6,0,40,1,37,dgqok9ca,,,,,0
9,olpl4te6,,0,479,1000,voting,Survey,2022-09-09 22:26:30.824926+00:00,1,,,176,9,,-1,0,70.00,70.00,0.18,,,,,,,,,,101,1,101.00,6,0,40,1,37,dgqok9ca,,,,,0
10,zdqm5mqn,,0,479,1000,voting,Survey,2022-09-09 22:26:06.112592+00:00,1,,,185,10,,0,0,101.00,101.00,0.09,,,,,,,,,,100,1,101.00,6,0,40,1,37,dgqok9ca,,,,,0
11,5vaz41yo,,0,479,1000,voting,Survey,2022-09-09 22:26:13.653469+00:00,1,,,148,11,,1,0,103.00,103.00,0.00,,,,,,,,,,99,1,101.00,6,0,40,1,37,dgqok9ca,,,,,0
1,b3thk85v,,0,479,1000,voting,Survey,2022-09-09 22:26:05.968843+00:00,1,,,103,1,,-1,0,100.00,100.00,0.91,,,,,,,,,,101,1,100.50,5,0,40,1,38,dgqok9ca,,,,,0
2,8f4qdukq,,0,479,1000,voting,Survey,2022-09-09 22:26:35.069114+00:00,1,,,66,2,,1,1,103.00,103.00,0.82,,,,,,,,,,99,1,100.50,5,0,40,1,38,dgqok9ca,,,,,0
3,lip6wecw,,0,479,1000,voting,Survey,2022-09-09 22:26:04.572530+00:00,1,,,98,3,,-1,0,75.00,75.00,0.73,,,,,,,,,,101,1,100.50,5,0,40,1,38,dgqok9ca,,,,,0
4,nmglt214,,0,479,1000,voting,Survey,2022-09-09 22:26:05.344885+00:00,1,,,84,4,,-1,0,66.00,66.00,0.64,,,,,,,,,,101,1,100.50,5,0,40,1,38,dgqok9ca,,,,,0
5,7o35bquw,,0,479,1000,voting,Survey,2022-09-09 22:26:10.062216+00:00,1,,,139,5,,0,1,0.00,0.00,0.55,,,,,,,,,,100,1,100.50,5,0,40,1,38,dgqok9ca,,,,,0
6,5h9lcz0l,,0,479,1000,voting,Survey,2022-09-09 22:26:00.015623+00:00,1,,,102,6,,1,0,120.00,120.00,0.27,,,,,,,,,,99,1,100.50,5,0,40,1,38,dgqok9ca,,,,,0
7,u01fgzgs,,0,479,1000,voting,Survey,2022-09-09 22:26:02.661180+00:00,1,,,158,7,,-1,0,100.00,100.00,0.36,,,,,,,,,,101,1,100.50,5,0,40,1,38,dgqok9ca,,,,,0
8,x9op5bm3,,0,479,1000,voting,Survey,2022-09-09 22:26:09.894121+00:00,1,,,121,8,,1,0,102.00,102.00,0.45,,,,,,,,,,99,1,100.50,5,0,40,1,38,dgqok9ca,,,,,0
9,olpl4te6,,0,479,1000,voting,Survey,2022-09-09 22:26:30.824926+00:00,1,,,176,9,,-1,0,10.00,10.00,0.18,,,,,,,,,,101,1,100.50,5,0,40,1,38,dgqok9ca,,,,,0
10,zdqm5mqn,,0,479,1000,voting,Survey,2022-09-09 22:26:06.112592+00:00,1,,,185,10,,1,0,101.00,101.00,0.09,,,,,,,,,,99,1,100.50,5,0,40,1,38,dgqok9ca,,,,,0
11,5vaz41yo,,0,479,1000,voting,Survey,2022-09-09 22:26:13.653469+00:00,1,,,148,11,,1,0,103.00,103.00,0.00,,,,,,,,,,99,1,100.50,5,0,40,1,38,dgqok9ca,,,,,0
1,b3thk85v,,0,479,1000,voting,Survey,2022-09-09 22:26:05.968843+00:00,1,,,103,1,,0,1,100.00,100.00,0.91,,,,,,,,,,100,1,100.00,6,0,40,1,39,dgqok9ca,,,,,0
2,8f4qdukq,,0,479,1000,voting,Survey,2022-09-09 22:26:35.069114+00:00,1,,,66,2,,1,1,199.00,199.00,0.82,,,,,,,,,,100,1,100.00,6,0,40,1,39,dgqok9ca,,,,,0
3,lip6wecw,,0,479,1000,voting,Survey,2022-09-09 22:26:04.572530+00:00,1,,,98,3,,-1,0,75.00,75.00,0.73,,,,,,,,,,100,1,100.00,6,0,40,1,39,dgqok9ca,,,,,0
4,nmglt214,,0,479,1000,voting,Survey,2022-09-09 22:26:05.344885+00:00,1,,,84,4,,-1,0,89.00,89.00,0.64,,,,,,,,,,100,1,100.00,6,0,40,1,39,dgqok9ca,,,,,0
5,7o35bquw,,0,479,1000,voting,Survey,2022-09-09 22:26:10.062216+00:00,1,,,139,5,,1,0,104.00,104.00,0.55,,,,,,,,,,100,1,100.00,6,0,40,1,39,dgqok9ca,,,,,0
6,5h9lcz0l,,0,479,1000,voting,Survey,2022-09-09 22:26:00.015623+00:00,1,,,102,6,,1,0,107.00,107.00,0.27,,,,,,,,,,100,1,100.00,6,0,40,1,39,dgqok9ca,,,,,0
7,u01fgzgs,,0,479,1000,voting,Survey,2022-09-09 22:26:02.661180+00:00,1,,,158,7,,-1,0,100.00,100.00,0.36,,,,,,,,,,100,1,100.00,6,0,40,1,39,dgqok9ca,,,,,0
8,x9op5bm3,,0,479,1000,voting,Survey,2022-09-09 22:26:09.894121+00:00,1,,,121,8,,1,0,101.00,101.00,0.45,,,,,,,,,,100,1,100.00,6,0,40,1,39,dgqok9ca,,,,,0
9,olpl4te6,,0,479,1000,voting,Survey,2022-09-09 22:26:30.824926+00:00,1,,,176,9,,-1,0,32.00,32.00,0.18,,,,,,,,,,100,1,100.00,6,0,40,1,39,dgqok9ca,,,,,0
10,zdqm5mqn,,0,479,1000,voting,Survey,2022-09-09 22:26:06.112592+00:00,1,,,185,10,,-1,0,100.00,100.00,0.09,,,,,,,,,,100,1,100.00,6,0,40,1,39,dgqok9ca,,,,,0
11,5vaz41yo,,0,479,1000,voting,Survey,2022-09-09 22:26:13.653469+00:00,1,,,148,11,,1,0,106.00,106.00,0.00,,,,,,,,,,100,1,100.00,6,0,40,1,39,dgqok9ca,,,,,0
1,b3thk85v,,0,479,1000,voting,Survey,2022-09-09 22:26:05.968843+00:00,1,,,103,1,,0,1,100.00,100.00,0.91,,,,,,,,,,100,1,100.00,7,0,40,1,40,dgqok9ca,,,,,0
2,8f4qdukq,,0,479,1000,voting,Survey,2022-09-09 22:26:35.069114+00:00,1,,,66,2,,1,1,122.00,122.00,0.82,,,,,,,,,,100,1,100.00,7,0,40,1,40,dgqok9ca,,,,,0
3,lip6wecw,,0,479,1000,voting,Survey,2022-09-09 22:26:04.572530+00:00,1,,,98,3,,-1,0,75.00,75.00,0.73,,,,,,,,,,100,1,100.00,7,0,40,1,40,dgqok9ca,,,,,0
4,nmglt214,,0,479,1000,voting,Survey,2022-09-09 22:26:05.344885+00:00,1,,,84,4,,-1,0,100.00,100.00,0.64,,,,,,,,,,100,1,100.00,7,0,40,1,40,dgqok9ca,,,,,0
5,7o35bquw,,0,479,1000,voting,Survey,2022-09-09 22:26:10.062216+00:00,1,,,139,5,,1,0,104.00,104.00,0.55,,,,,,,,,,100,1,100.00,7,0,40,1,40,dgqok9ca,,,,,0
6,5h9lcz0l,,0,479,1000,voting,Survey,2022-09-09 22:26:00.015623+00:00,1,,,102,6,,1,0,105.82,105.82,0.27,,,,,,,,,,100,1,100.00,7,0,40,1,40,dgqok9ca,,,,,0
7,u01fgzgs,,0,479,1000,voting,Survey,2022-09-09 22:26:02.661180+00:00,1,,,158,7,,0,0,100.00,100.00,0.36,,,,,,,,,,100,1,100.00,7,0,40,1,40,dgqok9ca,,,,,0
8,x9op5bm3,,0,479,1000,voting,Survey,2022-09-09 22:26:09.894121+00:00,1,,,121,8,,0,1,100.00,100.00,0.45,,,,,,,,,,100,1,100.00,7,0,40,1,40,dgqok9ca,,,,,0
9,olpl4te6,,0,479,1000,voting,Survey,2022-09-09 22:26:30.824926+00:00,1,,,176,9,,-1,0,90.00,90.00,0.18,,,,,,,,,,100,1,100.00,7,0,40,1,40,dgqok9ca,,,,,0
10,zdqm5mqn,,0,479,1000,voting,Survey,2022-09-09 22:26:06.112592+00:00,1,,,185,10,,-1,0,100.00,100.00,0.09,,,,,,,,,,100,1,100.00,7,0,40,1,40,dgqok9ca,,,,,0
11,5vaz41yo,,0,479,1000,voting,Survey,2022-09-09 22:26:13.653469+00:00,1,,,148,11,,1,0,105.00,105.00,0.00,,,,,,,,,,100,1,100.00,7,0,40,1,40,dgqok9ca,,,,,0
1,b3thk85v,,0,479,1000,voting,Survey,2022-09-09 22:26:05.968843+00:00,1,,,103,1,,-1,0,100.00,100.00,0.91,,,,,,,,,,192,1,100.50,6,1,20,1,41,dgqok9ca,,,,,0
2,8f4qdukq,,0,479,1000,voting,Survey,2022-09-09 22:26:35.069114+00:00,1,,,66,2,,1,1,130.00,130.00,0.82,,,,,,,,,,141,1,100.50,6,1,20,1,41,dgqok9ca,,,,,0
3,lip6wecw,,0,479,1000,voting,Survey,2022-09-09 22:26:04.572530+00:00,1,,,98,3,,-1,0,75.00,75.00,0.73,,,,,,,,,,174,1,100.50,6,1,20,1,41,dgqok9ca,,,,,0
4,nmglt214,,0,479,1000,voting,Survey,2022-09-09 22:26:05.344885+00:00,1,,,84,4,,-1,0,99.00,99.00,0.64,,,,,,,,,,165,1,100.50,6,1,20,1,41,dgqok9ca,,,,,0
5,7o35bquw,,0,479,1000,voting,Survey,2022-09-09 22:26:10.062216+00:00,1,,,139,5,,1,1,104.00,104.00,0.55,,,,,,,,,,114,1,100.50,6,1,20,1,41,dgqok9ca,,,,,0
6,5h9lcz0l,,0,479,1000,voting,Survey,2022-09-09 22:26:00.015623+00:00,1,,,102,6,,1,1,187.99,187.99,0.27,,,,,,,,,,86,1,100.50,6,1,20,1,41,dgqok9ca,,,,,0
7,u01fgzgs,,0,479,1000,voting,Survey,2022-09-09 22:26:02.661180+00:00,1,,,158,7,,-1,0,100.00,100.00,0.36,,,,,,,,,,137,1,100.50,6,1,20,1,41,dgqok9ca,,,,,0
8,x9op5bm3,,0,479,1000,voting,Survey,2022-09-09 22:26:09.894121+00:00,1,,,121,8,,0,1,100.50,100.50,0.45,,,,,,,,,,125,1,100.50,6,1,20,1,41,dgqok9ca,,,,,0
9,olpl4te6,,0,479,1000,voting,Survey,2022-09-09 22:26:30.824926+00:00,1,,,176,9,,1,0,102.00,102.00,0.18,,,,,,,,,,77,1,100.50,6,1,20,1,41,dgqok9ca,,,,,0
10,zdqm5mqn,,0,479,1000,voting,Survey,2022-09-09 22:26:06.112592+00:00,1,,,185,10,,-1,0,100.00,100.00,0.09,,,,,,,,,,110,1,100.50,6,1,20,1,41,dgqok9ca,,,,,0
11,5vaz41yo,,0,479,1000,voting,Survey,2022-09-09 22:26:13.653469+00:00,1,,,148,11,,1,0,106.00,106.00,0.00,,,,,,,,,,59,1,100.50,6,1,20,1,41,dgqok9ca,,,,,0
1,b3thk85v,,0,479,1000,voting,Survey,2022-09-09 22:26:05.968843+00:00,1,,,103,1,,-1,0,100.00,100.00,0.91,,,,,,,,,,101,1,100.50,6,0,20,1,42,dgqok9ca,,,,,0
2,8f4qdukq,,0,479,1000,voting,Survey,2022-09-09 22:26:35.069114+00:00,1,,,66,2,,1,1,120.00,120.00,0.82,,,,,,,,,,99,1,100.50,6,0,20,1,42,dgqok9ca,,,,,0
3,lip6wecw,,0,479,1000,voting,Survey,2022-09-09 22:26:04.572530+00:00,1,,,98,3,,-1,0,75.00,75.00,0.73,,,,,,,,,,101,1,100.50,6,0,20,1,42,dgqok9ca,,,,,0
4,nmglt214,,0,479,1000,voting,Survey,2022-09-09 22:26:05.344885+00:00,1,,,84,4,,1,1,110.00,110.00,0.64,,,,,,,,,,99,1,100.50,6,0,20,1,42,dgqok9ca,,,,,0
5,7o35bquw,,0,479,1000,voting,Survey,2022-09-09 22:26:10.062216+00:00,1,,,139,5,,1,0,104.00,104.00,0.55,,,,,,,,,,99,1,100.50,6,0,20,1,42,dgqok9ca,,,,,0
6,5h9lcz0l,,0,479,1000,voting,Survey,2022-09-09 22:26:00.015623+00:00,1,,,102,6,,1,0,195.21,195.21,0.27,,,,,,,,,,99,1,100.50,6,0,20,1,42,dgqok9ca,,,,,0
7,u01fgzgs,,0,479,1000,voting,Survey,2022-09-09 22:26:02.661180+00:00,1,,,158,7,,-1,0,100.00,100.00,0.36,,,,,,,,,,101,1,100.50,6,0,20,1,42,dgqok9ca,,,,,0
8,x9op5bm3,,0,479,1000,voting,Survey,2022-09-09 22:26:09.894121+00:00,1,,,121,8,,0,1,100.50,100.50,0.45,,,,,,,,,,100,1,100.50,6,0,20,1,42,dgqok9ca,,,,,0
9,olpl4te6,,0,479,1000,voting,Survey,2022-09-09 22:26:30.824926+00:00,1,,,176,9,,-1,0,99.00,99.00,0.18,,,,,,,,,,101,1,100.50,6,0,20,1,42,dgqok9ca,,,,,0
10,zdqm5mqn,,0,479,1000,voting,Survey,2022-09-09 22:26:06.112592+00:00,1,,,185,10,,-1,0,100.00,100.00,0.09,,,,,,,,,,101,1,100.50,6,0,20,1,42,dgqok9ca,,,,,0
11,5vaz41yo,,0,479,1000,voting,Survey,2022-09-09 22:26:13.653469+00:00,1,,,148,11,,1,0,106.00,106.00,0.00,,,,,,,,,,99,1,100.50,6,0,20,1,42,dgqok9ca,,,,,0
1,b3thk85v,,0,479,1000,voting,Survey,2022-09-09 22:26:05.968843+00:00,1,,,103,1,,0,1,100.00,100.00,0.91,,,,,,,,,,171,1,100.00,7,1,20,1,43,dgqok9ca,,,,,0
2,8f4qdukq,,0,479,1000,voting,Survey,2022-09-09 22:26:35.069114+00:00,1,,,66,2,,1,1,101.00,101.00,0.82,,,,,,,,,,142,1,100.00,7,1,20,1,43,dgqok9ca,,,,,0
3,lip6wecw,,0,479,1000,voting,Survey,2022-09-09 22:26:04.572530+00:00,1,,,98,3,,-1,0,75.00,75.00,0.73,,,,,,,,,,173,1,100.00,7,1,20,1,43,dgqok9ca,,,,,0
4,nmglt214,,0,479,1000,voting,Survey,2022-09-09 22:26:05.344885+00:00,1,,,84,4,,-1,0,50.00,50.00,0.64,,,,,,,,,,164,1,100.00,7,1,20,1,43,dgqok9ca,,,,,0
5,7o35bquw,,0,479,1000,voting,Survey,2022-09-09 22:26:10.062216+00:00,1,,,139,5,,-1,0,1.00,1.00,0.55,,,,,,,,,,155,1,100.00,7,1,20,1,43,dgqok9ca,,,,,0
6,5h9lcz0l,,0,479,1000,voting,Survey,2022-09-09 22:26:00.015623+00:00,1,,,102,6,,1,0,109.00,109.00,0.27,,,,,,,,,,87,1,100.00,7,1,20,1,43,dgqok9ca,,,,,0
7,u01fgzgs,,0,479,1000,voting,Survey,2022-09-09 22:26:02.661180+00:00,1,,,158,7,,0,1,100.00,100.00,0.36,,,,,,,,,,116,1,100.00,7,1,20,1,43,dgqok9ca,,,,,0
8,x9op5bm3,,0,479,1000,voting,Survey,2022-09-09 22:26:09.894121+00:00,1,,,121,8,,1,1,100.00,100.00,0.45,,,,,,,,,,105,1,100.00,7,1,20,1,43,dgqok9ca,,,,,0
9,olpl4te6,,0,479,1000,voting,Survey,2022-09-09 22:26:30.824926+00:00,1,,,176,9,,-1,0,90.00,90.00,0.18,,,,,,,,,,118,1,100.00,7,1,20,1,43,dgqok9ca,,,,,0
10,zdqm5mqn,,0,479,1000,voting,Survey,2022-09-09 22:26:06.112592+00:00,1,,,185,10,,0,0,100.00,100.00,0.09,,,,,,,,,,89,1,100.00,7,1,20,1,43,dgqok9ca,,,,,0
11,5vaz41yo,,0,479,1000,voting,Survey,2022-09-09 22:26:13.653469+00:00,1,,,148,11,,1,0,106.00,106.00,0.00,,,,,,,,,,60,1,100.00,7,1,20,1,43,dgqok9ca,,,,,0
1,b3thk85v,,0,479,1000,voting,Survey,2022-09-09 22:26:05.968843+00:00,1,,,103,1,,1,1,104.00,104.00,0.91,,,,,,,,,,101,1,99.00,6,0,20,1,44,dgqok9ca,,,,,0
2,8f4qdukq,,0,479,1000,voting,Survey,2022-09-09 22:26:35.069114+00:00,1,,,66,2,,1,1,103.00,103.00,0.82,,,,,,,,,,101,1,99.00,6,0,20,1,44,dgqok9ca,,,,,0
3,lip6wecw,,0,479,1000,voting,Survey,2022-09-09 22:26:04.572530+00:00,1,,,98,3,,-1,0,75.00,75.00,0.73,,,,,,,,,,99,1,99.00,6,0,20,1,44,dgqok9ca,,,,,0
4,nmglt214,,0,479,1000,voting,Survey,2022-09-09 22:26:05.344885+00:00,1,,,84,4,,-1,0,90.00,90.00,0.64,,,,,,,,,,99,1,99.00,6,0,20,1,44,dgqok9ca,,,,,0
5,7o35bquw,,0,479,1000,voting,Survey,2022-09-09 22:26:10.062216+00:00,1,,,139,5,,-1,0,1.00,1.00,0.55,,,,,,,,,,99,1,99.00,6,0,20,1,44,dgqok9ca,,,,,0
6,5h9lcz0l,,0,479,1000,voting,Survey,2022-09-09 22:26:00.015623+00:00,1,,,102,6,,1,0,120.00,120.00,0.27,,,,,,,,,,101,1,99.00,6,0,20,1,44,dgqok9ca,,,,,0
7,u01fgzgs,,0,479,1000,voting,Survey,2022-09-09 22:26:02.661180+00:00,1,,,158,7,,1,0,100.00,100.00,0.36,,,,,,,,,,101,1,99.00,6,0,20,1,44,dgqok9ca,,,,,0
8,x9op5bm3,,0,479,1000,voting,Survey,2022-09-09 22:26:09.894121+00:00,1,,,121,8,,-1,0,99.00,99.00,0.45,,,,,,,,,,99,1,99.00,6,0,20,1,44,dgqok9ca,,,,,0
9,olpl4te6,,0,479,1000,voting,Survey,2022-09-09 22:26:30.824926+00:00,1,,,176,9,,-1,0,90.00,90.00,0.18,,,,,,,,,,99,1,99.00,6,0,20,1,44,dgqok9ca,,,,,0
10,zdqm5mqn,,0,479,1000,voting,Survey,2022-09-09 22:26:06.112592+00:00,1,,,185,10,,0,0,99.00,99.00,0.09,,,,,,,,,,100,1,99.00,6,0,20,1,44,dgqok9ca,,,,,0
11,5vaz41yo,,0,479,1000,voting,Survey,2022-09-09 22:26:13.653469+00:00,1,,,148,11,,1,0,102.00,102.00,0.00,,,,,,,,,,101,1,99.00,6,0,20,1,44,dgqok9ca,,,,,0
1,b3thk85v,,0,479,1000,voting,Survey,2022-09-09 22:26:05.968843+00:00,1,,,103,1,,1,1,103.00,103.00,0.91,,,,,,,,,,151,1,100.00,6,1,20,1,45,dgqok9ca,,,,,0
2,8f4qdukq,,0,479,1000,voting,Survey,2022-09-09 22:26:35.069114+00:00,1,,,66,2,,1,1,101.00,101.00,0.82,,,,,,,,,,142,1,100.00,6,1,20,1,45,dgqok9ca,,,,,0
3,lip6wecw,,0,479,1000,voting,Survey,2022-09-09 22:26:04.572530+00:00,1,,,98,3,,-1,0,1.00,1.00,0.73,,,,,,,,,,173,1,100.00,6,1,20,1,45,dgqok9ca,,,,,0
4,nmglt214,,0,479,1000,voting,Survey,2022-09-09 22:26:05.344885+00:00,1,,,84,4,,-1,0,70.00,70.00,0.64,,,,,,,,,,164,1,100.00,6,1,20,1,45,dgqok9ca,,,,,0
5,7o35bquw,,0,479,1000,voting,Survey,2022-09-09 22:26:10.062216+00:00,1,,,139,5,,1,1,104.00,104.00,0.55,,,,,,,,,,115,1,100.00,6,1,20,1,45,dgqok9ca,,,,,0
6,5h9lcz0l,,0,479,1000,voting,Survey,2022-09-09 22:26:00.015623+00:00,1,,,102,6,,1,0,140.00,140.00,0.27,,,,,,,,,,87,1,100.00,6,1,20,1,45,dgqok9ca,,,,,0
7,u01fgzgs,,0,479,1000,voting,Survey,2022-09-09 22:26:02.661180+00:00,1,,,158,7,,0,1,100.00,100.00,0.36,,,,,,,,,,116,1,100.00,6,1,20,1,45,dgqok9ca,,,,,0
8,x9op5bm3,,0,479,1000,voting,Survey,2022-09-09 22:26:09.894121+00:00,1,,,121,8,,-1,0,100.00,100.00,0.45,,,,,,,,,,145,1,100.00,6,1,20,1,45,dgqok9ca,,,,,0
9,olpl4te6,,0,479,1000,voting,Survey,2022-09-09 22:26:30.824926+00:00,1,,,176,9,,-1,0,90.00,90.00,0.18,,,,,,,,,,118,1,100.00,6,1,20,1,45,dgqok9ca,,,,,0
10,zdqm5mqn,,0,479,1000,voting,Survey,2022-09-09 22:26:06.112592+00:00,1,,,185,10,,-1,0,100.00,100.00,0.09,,,,,,,,,,109,1,100.00,6,1,20,1,45,dgqok9ca,,,,,0
11,5vaz41yo,,0,479,1000,voting,Survey,2022-09-09 22:26:13.653469+00:00,1,,,148,11,,1,0,102.00,102.00,0.00,,,,,,,,,,60,1,100.00,6,1,20,1,45,dgqok9ca,,,,,0
1,b3thk85v,,0,479,1000,voting,Survey,2022-09-09 22:26:05.968843+00:00,1,,,103,1,,1,1,104.00,104.00,0.91,,,,,,,,,,151,1,100.00,6,1,20,1,46,dgqok9ca,,,,,0
2,8f4qdukq,,0,479,1000,voting,Survey,2022-09-09 22:26:35.069114+00:00,1,,,66,2,,1,1,102.00,102.00,0.82,,,,,,,,,,142,1,100.00,6,1,20,1,46,dgqok9ca,,,,,0
3,lip6wecw,,0,479,1000,voting,Survey,2022-09-09 22:26:04.572530+00:00,1,,,98,3,,-1,0,1.00,1.00,0.73,,,,,,,,,,173,1,100.00,6,1,20,1,46,dgqok9ca,,,,,0
4,nmglt214,,0,479,1000,voting,Survey,2022-09-09 22:26:05.344885+00:00,1,,,84,4,,-1,0,90.00,90.00,0.64,,,,,,,,,,164,1,100.00,6,1,20,1,46,dgqok9ca,,,,,0
5,7o35bquw,,0,479,1000,voting,Survey,2022-09-09 22:26:10.062216+00:00,1,,,139,5,,1,1,104.00,104.00,0.55,,,,,,,,,,115,1,100.00,6,1,20,1,46,dgqok9ca,,,,,0
6,5h9lcz0l,,0,479,1000,voting,Survey,2022-09-09 22:26:00.015623+00:00,1,,,102,6,,1,0,130.00,130.00,0.27,,,,,,,,,,87,1,100.00,6,1,20,1,46,dgqok9ca,,,,,0
7,u01fgzgs,,0,479,1000,voting,Survey,2022-09-09 22:26:02.661180+00:00,1,,,158,7,,0,1,100.00,100.00,0.36,,,,,,,,,,116,1,100.00,6,1,20,1,46,dgqok9ca,,,,,0
8,x9op5bm3,,0,479,1000,voting,Survey,2022-09-09 22:26:09.894121+00:00,1,,,121,8,,-1,0,99.00,99.00,0.45,,,,,,,,,,145,1,100.00,6,1,20,1,46,dgqok9ca,,,,,0
9,olpl4te6,,0,479,1000,voting,Survey,2022-09-09 22:26:30.824926+00:00,1,,,176,9,,-1,0,100.00,100.00,0.18,,,,,,,,,,118,1,100.00,6,1,20,1,46,dgqok9ca,,,,,0
10,zdqm5mqn,,0,479,1000,voting,Survey,2022-09-09 22:26:06.112592+00:00,1,,,185,10,,-1,0,100.00,100.00,0.09,,,,,,,,,,109,1,100.00,6,1,20,1,46,dgqok9ca,,,,,0
11,5vaz41yo,,0,479,1000,voting,Survey,2022-09-09 22:26:13.653469+00:00,1,,,148,11,,1,0,102.00,102.00,0.00,,,,,,,,,,60,1,100.00,6,1,20,1,46,dgqok9ca,,,,,0
1,b3thk85v,,0,479,1000,voting,Survey,2022-09-09 22:26:05.968843+00:00,1,,,103,1,,1,1,104.00,104.00,0.91,,,,,,,,,,149,1,102.00,6,1,20,1,47,dgqok9ca,,,,,0
2,8f4qdukq,,0,479,1000,voting,Survey,2022-09-09 22:26:35.069114+00:00,1,,,66,2,,1,1,102.00,102.00,0.82,,,,,,,,,,140,1,102.00,6,1,20,1,47,dgqok9ca,,,,,0
3,lip6wecw,,0,479,1000,voting,Survey,2022-09-09 22:26:04.572530+00:00,1,,,98,3,,-1,0,1.00,1.00,0.73,,,,,,,,,,175,1,102.00,6,1,20,1,47,dgqok9ca,,,,,0
4,nmglt214,,0,479,1000,voting,Survey,2022-09-09 22:26:05.344885+00:00,1,,,84,4,,-1,0,90.00,90.00,0.64,,,,,,,,,,166,1,102.00,6,1,20,1,47,dgqok9ca,,,,,0
5,7o35bquw,,0,479,1000,voting,Survey,2022-09-09 22:26:10.062216+00:00,1,,,139,5,,1,1,103.00,103.00,0.55,,,,,,,,,,113,1,102.00,6,1,20,1,47,dgqok9ca,,,,,0
6,5h9lcz0l,,0,479,1000,voting,Survey,2022-09-09 22:26:00.015623+00:00,1,,,102,6,,1,0,123.00,123.00,0.27,,,,,,,,,,85,1,102.00,6,1,20,1,47,dgqok9ca,,,,,0
7,u01fgzgs,,0,479,1000,voting,Survey,2022-09-09 22:26:02.661180+00:00,1,,,158,7,,-1,0,100.00,100.00,0.36,,,,,,,,,,138,1,102.00,6,1,20,1,47,dgqok9ca,,,,,0
8,x9op5bm3,,0,479,1000,voting,Survey,2022-09-09 22:26:09.894121+00:00,1,,,121,8,,-1,0,99.00,99.00,0.45,,,,,,,,,,147,1,102.00,6,1,20,1,47,dgqok9ca,,,,,0
9,olpl4te6,,0,479,1000,voting,Survey,2022-09-09 22:26:30.824926+00:00,1,,,176,9,,0,0,102.00,102.00,0.18,,,,,,,,,,98,1,102.00,6,1,20,1,47,dgqok9ca,,,,,0
10,zdqm5mqn,,0,479,1000,voting,Survey,2022-09-09 22:26:06.112592+00:00,1,,,185,10,,-1,0,100.00,100.00,0.09,,,,,,,,,,111,1,102.00,6,1,20,1,47,dgqok9ca,,,,,0
11,5vaz41yo,,0,479,1000,voting,Survey,2022-09-09 22:26:13.653469+00:00,1,,,148,11,,1,0,103.00,103.00,0.00,,,,,,,,,,58,1,102.00,6,1,20,1,47,dgqok9ca,,,,,0
1,b3thk85v,,0,479,1000,voting,Survey,2022-09-09 22:26:05.968843+00:00,1,,,103,1,,1,1,104.00,104.00,0.91,,,,,,,,,,149,1,102.00,6,1,20,1,48,dgqok9ca,,,,,0
2,8f4qdukq,,0,479,1000,voting,Survey,2022-09-09 22:26:35.069114+00:00,1,,,66,2,,1,1,104.00,104.00,0.82,,,,,,,,,,140,1,102.00,6,1,20,1,48,dgqok9ca,,,,,0
3,lip6wecw,,0,479,1000,voting,Survey,2022-09-09 22:26:04.572530+00:00,1,,,98,3,,-1,0,1.00,1.00,0.73,,,,,,,,,,175,1,102.00,6,1,20,1,48,dgqok9ca,,,,,0
4,nmglt214,,0,479,1000,voting,Survey,2022-09-09 22:26:05.344885+00:00,1,,,84,4,,-1,0,77.00,77.00,0.64,,,,,,,,,,166,1,102.00,6,1,20,1,48,dgqok9ca,,,,,0
5,7o35bquw,,0,479,1000,voting,Survey,2022-09-09 22:26:10.062216+00:00,1,,,139,5,,1,1,104.00,104.00,0.55,,,,,,,,,,113,1,102.00,6,1,20,1,48,dgqok9ca,,,,,0
6,5h9lcz0l,,0,479,1000,voting,Survey,2022-09-09 22:26:00.015623+00:00,1,,,102,6,,1,0,123.00,123.00,0.27,,,,,,,,,,85,1,102.00,6,1,20,1,48,dgqok9ca,,,,,0
7,u01fgzgs,,0,479,1000,voting,Survey,2022-09-09 22:26:02.661180+00:00,1,,,158,7,,-1,0,100.00,100.00,0.36,,,,,,,,,,138,1,102.00,6,1,20,1,48,dgqok9ca,,,,,0
8,x9op5bm3,,0,479,1000,voting,Survey,2022-09-09 22:26:09.894121+00:00,1,,,121,8,,-1,0,101.00,101.00,0.45,,,,,,,,,,147,1,102.00,6,1,20,1,48,dgqok9ca,,,,,0
9,olpl4te6,,0,479,1000,voting,Survey,2022-09-09 22:26:30.824926+00:00,1,,,176,9,,-1,0,90.00,90.00,0.18,,,,,,,,,,120,1,102.00,6,1,20,1,48,dgqok9ca,,,,,0
10,zdqm5mqn,,0,479,1000,voting,Survey,2022-09-09 22:26:06.112592+00:00,1,,,185,10,,0,0,102.00,102.00,0.09,,,,,,,,,,89,1,102.00,6,1,20,1,48,dgqok9ca,,,,,0
11,5vaz41yo,,0,479,1000,voting,Survey,2022-09-09 22:26:13.653469+00:00,1,,,148,11,,1,0,104.00,104.00,0.00,,,,,,,,,,58,1,102.00,6,1,20,1,48,dgqok9ca,,,,,0
1,b3thk85v,,0,479,1000,voting,Survey,2022-09-09 22:26:05.968843+00:00,1,,,103,1,,,,,,,,,,,,,,,,0,1,,,,,,49,dgqok9ca,,,,,0
2,8f4qdukq,,0,479,1000,voting,Survey,2022-09-09 22:26:35.069114+00:00,1,,,66,2,,,,,,,,,,,,,,,,0,1,,,,,,49,dgqok9ca,,,,,0
3,lip6wecw,,0,479,1000,voting,Survey,2022-09-09 22:26:04.572530+00:00,1,,,98,3,,,,,,,,,,,,,,,,0,1,,,,,,49,dgqok9ca,,,,,0
4,nmglt214,,0,479,1000,voting,Survey,2022-09-09 22:26:05.344885+00:00,1,,,84,4,,,,,,,,,,,,,,,,0,1,,,,,,49,dgqok9ca,,,,,0
5,7o35bquw,,0,479,1000,voting,Survey,2022-09-09 22:26:10.062216+00:00,1,,,139,5,,,,,,,,,,,,,,,,0,1,,,,,,49,dgqok9ca,,,,,0
6,5h9lcz0l,,0,479,1000,voting,Survey,2022-09-09 22:26:00.015623+00:00,1,,,102,6,,,,,,,,,,,,,,,,0,1,,,,,,49,dgqok9ca,,,,,0
7,u01fgzgs,,0,479,1000,voting,Survey,2022-09-09 22:26:02.661180+00:00,1,,,158,7,,,,,,,,,,,,,,,,0,1,,,,,,49,dgqok9ca,,,,,0
8,x9op5bm3,,0,479,1000,voting,Survey,2022-09-09 22:26:09.894121+00:00,1,,,121,8,,,,,,,,,,,,,,,,0,1,,,,,,49,dgqok9ca,,,,,0
9,olpl4te6,,0,479,1000,voting,Survey,2022-09-09 22:26:30.824926+00:00,1,,,176,9,,,,,,,,,,,,,,,,0,1,,,,,,49,dgqok9ca,,,,,0
10,zdqm5mqn,,0,479,1000,voting,Survey,2022-09-09 22:26:06.112592+00:00,1,,,185,10,,,,,,,,,,,,,,,,0,1,,,,,,49,dgqok9ca,,,,,0
11,5vaz41yo,,0,479,1000,voting,Survey,2022-09-09 22:26:13.653469+00:00,1,,,148,11,,,,,,,,,,,,,,,,0,1,,,,,,49,dgqok9ca,,,,,0
1,b3thk85v,,0,479,1000,voting,Survey,2022-09-09 22:26:05.968843+00:00,1,,,103,1,,,,,,,,,,,,,,,,0,1,,,,,,50,dgqok9ca,,,,,0
2,8f4qdukq,,0,479,1000,voting,Survey,2022-09-09 22:26:35.069114+00:00,1,,,66,2,,,,,,,,,,,,,,,,0,1,,,,,,50,dgqok9ca,,,,,0
3,lip6wecw,,0,479,1000,voting,Survey,2022-09-09 22:26:04.572530+00:00,1,,,98,3,,,,,,,,,,,,,,,,0,1,,,,,,50,dgqok9ca,,,,,0
4,nmglt214,,0,479,1000,voting,Survey,2022-09-09 22:26:05.344885+00:00,1,,,84,4,,,,,,,,,,,,,,,,0,1,,,,,,50,dgqok9ca,,,,,0
5,7o35bquw,,0,479,1000,voting,Survey,2022-09-09 22:26:10.062216+00:00,1,,,139,5,,,,,,,,,,,,,,,,0,1,,,,,,50,dgqok9ca,,,,,0
6,5h9lcz0l,,0,479,1000,voting,Survey,2022-09-09 22:26:00.015623+00:00,1,,,102,6,,,,,,,,,,,,,,,,0,1,,,,,,50,dgqok9ca,,,,,0
7,u01fgzgs,,0,479,1000,voting,Survey,2022-09-09 22:26:02.661180+00:00,1,,,158,7,,,,,,,,,,,,,,,,0,1,,,,,,50,dgqok9ca,,,,,0
8,x9op5bm3,,0,479,1000,voting,Survey,2022-09-09 22:26:09.894121+00:00,1,,,121,8,,,,,,,,,,,,,,,,0,1,,,,,,50,dgqok9ca,,,,,0
9,olpl4te6,,0,479,1000,voting,Survey,2022-09-09 22:26:30.824926+00:00,1,,,176,9,,,,,,,,,,,,,,,,0,1,,,,,,50,dgqok9ca,,,,,0
10,zdqm5mqn,,0,479,1000,voting,Survey,2022-09-09 22:26:06.112592+00:00,1,,,185,10,,,,,,,,,,,,,,,,0,1,,,,,,50,dgqok9ca,,,,,0
11,5vaz41yo,,0,479,1000,voting,Survey,2022-09-09 22:26:13.653469+00:00,1,,,148,11,,,,,,,,,,,,,,,,0,1,,,,,,50,dgqok9ca,,,,,0
1,b3thk85v,,0,479,1000,voting,Survey,2022-09-09 22:26:05.968843+00:00,1,,,103,1,,,,,,,,,,,,,,,,0,1,,,,,,51,dgqok9ca,,,,,0
2,8f4qdukq,,0,479,1000,voting,Survey,2022-09-09 22:26:35.069114+00:00,1,,,66,2,,,,,,,,,,,,,,,,0,1,,,,,,51,dgqok9ca,,,,,0
3,lip6wecw,,0,479,1000,voting,Survey,2022-09-09 22:26:04.572530+00:00,1,,,98,3,,,,,,,,,,,,,,,,0,1,,,,,,51,dgqok9ca,,,,,0
4,nmglt214,,0,479,1000,voting,Survey,2022-09-09 22:26:05.344885+00:00,1,,,84,4,,,,,,,,,,,,,,,,0,1,,,,,,51,dgqok9ca,,,,,0
5,7o35bquw,,0,479,1000,voting,Survey,2022-09-09 22:26:10.062216+00:00,1,,,139,5,,,,,,,,,,,,,,,,0,1,,,,,,51,dgqok9ca,,,,,0
6,5h9lcz0l,,0,479,1000,voting,Survey,2022-09-09 22:26:00.015623+00:00,1,,,102,6,,,,,,,,,,,,,,,,0,1,,,,,,51,dgqok9ca,,,,,0
7,u01fgzgs,,0,479,1000,voting,Survey,2022-09-09 22:26:02.661180+00:00,1,,,158,7,,,,,,,,,,,,,,,,0,1,,,,,,51,dgqok9ca,,,,,0
8,x9op5bm3,,0,479,1000,voting,Survey,2022-09-09 22:26:09.894121+00:00,1,,,121,8,,,,,,,,,,,,,,,,0,1,,,,,,51,dgqok9ca,,,,,0
9,olpl4te6,,0,479,1000,voting,Survey,2022-09-09 22:26:30.824926+00:00,1,,,176,9,,,,,,,,,,,,,,,,0,1,,,,,,51,dgqok9ca,,,,,0
10,zdqm5mqn,,0,479,1000,voting,Survey,2022-09-09 22:26:06.112592+00:00,1,,,185,10,,,,,,,,,,,,,,,,0,1,,,,,,51,dgqok9ca,,,,,0
11,5vaz41yo,,0,479,1000,voting,Survey,2022-09-09 22:26:13.653469+00:00,1,,,148,11,,,,,,,,,,,,,,,,0,1,,,,,,51,dgqok9ca,,,,,0
1,b3thk85v,,0,479,1000,voting,Survey,2022-09-09 22:26:05.968843+00:00,1,,,103,1,,,,,,,,,,,,,,,,0,1,,,,,,52,dgqok9ca,,,,,0
2,8f4qdukq,,0,479,1000,voting,Survey,2022-09-09 22:26:35.069114+00:00,1,,,66,2,,,,,,,,,,,,,,,,0,1,,,,,,52,dgqok9ca,,,,,0
3,lip6wecw,,0,479,1000,voting,Survey,2022-09-09 22:26:04.572530+00:00,1,,,98,3,,,,,,,,,,,,,,,,0,1,,,,,,52,dgqok9ca,,,,,0
4,nmglt214,,0,479,1000,voting,Survey,2022-09-09 22:26:05.344885+00:00,1,,,84,4,,,,,,,,,,,,,,,,0,1,,,,,,52,dgqok9ca,,,,,0
5,7o35bquw,,0,479,1000,voting,Survey,2022-09-09 22:26:10.062216+00:00,1,,,139,5,,,,,,,,,,,,,,,,0,1,,,,,,52,dgqok9ca,,,,,0
6,5h9lcz0l,,0,479,1000,voting,Survey,2022-09-09 22:26:00.015623+00:00,1,,,102,6,,,,,,,,,,,,,,,,0,1,,,,,,52,dgqok9ca,,,,,0
7,u01fgzgs,,0,479,1000,voting,Survey,2022-09-09 22:26:02.661180+00:00,1,,,158,7,,,,,,,,,,,,,,,,0,1,,,,,,52,dgqok9ca,,,,,0
8,x9op5bm3,,0,479,1000,voting,Survey,2022-09-09 22:26:09.894121+00:00,1,,,121,8,,,,,,,,,,,,,,,,0,1,,,,,,52,dgqok9ca,,,,,0
9,olpl4te6,,0,479,1000,voting,Survey,2022-09-09 22:26:30.824926+00:00,1,,,176,9,,,,,,,,,,,,,,,,0,1,,,,,,52,dgqok9ca,,,,,0
10,zdqm5mqn,,0,479,1000,voting,Survey,2022-09-09 22:26:06.112592+00:00,1,,,185,10,,,,,,,,,,,,,,,,0,1,,,,,,52,dgqok9ca,,,,,0
11,5vaz41yo,,0,479,1000,voting,Survey,2022-09-09 22:26:13.653469+00:00,1,,,148,11,,,,,,,,,,,,,,,,0,1,,,,,,52,dgqok9ca,,,,,0
1,b3thk85v,,0,479,1000,voting,Survey,2022-09-09 22:26:05.968843+00:00,1,,,103,1,,,,,,,,,,,,,,,,0,1,,,,,,53,dgqok9ca,,,,,0
2,8f4qdukq,,0,479,1000,voting,Survey,2022-09-09 22:26:35.069114+00:00,1,,,66,2,,,,,,,,,,,,,,,,0,1,,,,,,53,dgqok9ca,,,,,0
3,lip6wecw,,0,479,1000,voting,Survey,2022-09-09 22:26:04.572530+00:00,1,,,98,3,,,,,,,,,,,,,,,,0,1,,,,,,53,dgqok9ca,,,,,0
4,nmglt214,,0,479,1000,voting,Survey,2022-09-09 22:26:05.344885+00:00,1,,,84,4,,,,,,,,,,,,,,,,0,1,,,,,,53,dgqok9ca,,,,,0
5,7o35bquw,,0,479,1000,voting,Survey,2022-09-09 22:26:10.062216+00:00,1,,,139,5,,,,,,,,,,,,,,,,0,1,,,,,,53,dgqok9ca,,,,,0
6,5h9lcz0l,,0,479,1000,voting,Survey,2022-09-09 22:26:00.015623+00:00,1,,,102,6,,,,,,,,,,,,,,,,0,1,,,,,,53,dgqok9ca,,,,,0
7,u01fgzgs,,0,479,1000,voting,Survey,2022-09-09 22:26:02.661180+00:00,1,,,158,7,,,,,,,,,,,,,,,,0,1,,,,,,53,dgqok9ca,,,,,0
8,x9op5bm3,,0,479,1000,voting,Survey,2022-09-09 22:26:09.894121+00:00,1,,,121,8,,,,,,,,,,,,,,,,0,1,,,,,,53,dgqok9ca,,,,,0
9,olpl4te6,,0,479,1000,voting,Survey,2022-09-09 22:26:30.824926+00:00,1,,,176,9,,,,,,,,,,,,,,,,0,1,,,,,,53,dgqok9ca,,,,,0
10,zdqm5mqn,,0,479,1000,voting,Survey,2022-09-09 22:26:06.112592+00:00,1,,,185,10,,,,,,,,,,,,,,,,0,1,,,,,,53,dgqok9ca,,,,,0
11,5vaz41yo,,0,479,1000,voting,Survey,2022-09-09 22:26:13.653469+00:00,1,,,148,11,,,,,,,,,,,,,,,,0,1,,,,,,53,dgqok9ca,,,,,0
1,b3thk85v,,0,479,1000,voting,Survey,2022-09-09 22:26:05.968843+00:00,1,,,103,1,,,,,,,,,,,,,,,,0,1,,,,,,54,dgqok9ca,,,,,0
2,8f4qdukq,,0,479,1000,voting,Survey,2022-09-09 22:26:35.069114+00:00,1,,,66,2,,,,,,,,,,,,,,,,0,1,,,,,,54,dgqok9ca,,,,,0
3,lip6wecw,,0,479,1000,voting,Survey,2022-09-09 22:26:04.572530+00:00,1,,,98,3,,,,,,,,,,,,,,,,0,1,,,,,,54,dgqok9ca,,,,,0
4,nmglt214,,0,479,1000,voting,Survey,2022-09-09 22:26:05.344885+00:00,1,,,84,4,,,,,,,,,,,,,,,,0,1,,,,,,54,dgqok9ca,,,,,0
5,7o35bquw,,0,479,1000,voting,Survey,2022-09-09 22:26:10.062216+00:00,1,,,139,5,,,,,,,,,,,,,,,,0,1,,,,,,54,dgqok9ca,,,,,0
6,5h9lcz0l,,0,479,1000,voting,Survey,2022-09-09 22:26:00.015623+00:00,1,,,102,6,,,,,,,,,,,,,,,,0,1,,,,,,54,dgqok9ca,,,,,0
7,u01fgzgs,,0,479,1000,voting,Survey,2022-09-09 22:26:02.661180+00:00,1,,,158,7,,,,,,,,,,,,,,,,0,1,,,,,,54,dgqok9ca,,,,,0
8,x9op5bm3,,0,479,1000,voting,Survey,2022-09-09 22:26:09.894121+00:00,1,,,121,8,,,,,,,,,,,,,,,,0,1,,,,,,54,dgqok9ca,,,,,0
9,olpl4te6,,0,479,1000,voting,Survey,2022-09-09 22:26:30.824926+00:00,1,,,176,9,,,,,,,,,,,,,,,,0,1,,,,,,54,dgqok9ca,,,,,0
10,zdqm5mqn,,0,479,1000,voting,Survey,2022-09-09 22:26:06.112592+00:00,1,,,185,10,,,,,,,,,,,,,,,,0,1,,,,,,54,dgqok9ca,,,,,0
11,5vaz41yo,,0,479,1000,voting,Survey,2022-09-09 22:26:13.653469+00:00,1,,,148,11,,,,,,,,,,,,,,,,0,1,,,,,,54,dgqok9ca,,,,,0
1,b3thk85v,,0,479,1000,voting,Survey,2022-09-09 22:26:05.968843+00:00,1,,,103,1,,,,,,,,,,,,,,,,0,1,,,,,,55,dgqok9ca,,,,,0
2,8f4qdukq,,0,479,1000,voting,Survey,2022-09-09 22:26:35.069114+00:00,1,,,66,2,,,,,,,,,,,,,,,,0,1,,,,,,55,dgqok9ca,,,,,0
3,lip6wecw,,0,479,1000,voting,Survey,2022-09-09 22:26:04.572530+00:00,1,,,98,3,,,,,,,,,,,,,,,,0,1,,,,,,55,dgqok9ca,,,,,0
4,nmglt214,,0,479,1000,voting,Survey,2022-09-09 22:26:05.344885+00:00,1,,,84,4,,,,,,,,,,,,,,,,0,1,,,,,,55,dgqok9ca,,,,,0
5,7o35bquw,,0,479,1000,voting,Survey,2022-09-09 22:26:10.062216+00:00,1,,,139,5,,,,,,,,,,,,,,,,0,1,,,,,,55,dgqok9ca,,,,,0
6,5h9lcz0l,,0,479,1000,voting,Survey,2022-09-09 22:26:00.015623+00:00,1,,,102,6,,,,,,,,,,,,,,,,0,1,,,,,,55,dgqok9ca,,,,,0
7,u01fgzgs,,0,479,1000,voting,Survey,2022-09-09 22:26:02.661180+00:00,1,,,158,7,,,,,,,,,,,,,,,,0,1,,,,,,55,dgqok9ca,,,,,0
8,x9op5bm3,,0,479,1000,voting,Survey,2022-09-09 22:26:09.894121+00:00,1,,,121,8,,,,,,,,,,,,,,,,0,1,,,,,,55,dgqok9ca,,,,,0
9,olpl4te6,,0,479,1000,voting,Survey,2022-09-09 22:26:30.824926+00:00,1,,,176,9,,,,,,,,,,,,,,,,0,1,,,,,,55,dgqok9ca,,,,,0
10,zdqm5mqn,,0,479,1000,voting,Survey,2022-09-09 22:26:06.112592+00:00,1,,,185,10,,,,,,,,,,,,,,,,0,1,,,,,,55,dgqok9ca,,,,,0
11,5vaz41yo,,0,479,1000,voting,Survey,2022-09-09 22:26:13.653469+00:00,1,,,148,11,,,,,,,,,,,,,,,,0,1,,,,,,55,dgqok9ca,,,,,0
1,b3thk85v,,0,479,1000,voting,Survey,2022-09-09 22:26:05.968843+00:00,1,,,103,1,,,,,,,,,,,,,,,,0,1,,,,,,56,dgqok9ca,,,,,0
2,8f4qdukq,,0,479,1000,voting,Survey,2022-09-09 22:26:35.069114+00:00,1,,,66,2,,,,,,,,,,,,,,,,0,1,,,,,,56,dgqok9ca,,,,,0
3,lip6wecw,,0,479,1000,voting,Survey,2022-09-09 22:26:04.572530+00:00,1,,,98,3,,,,,,,,,,,,,,,,0,1,,,,,,56,dgqok9ca,,,,,0
4,nmglt214,,0,479,1000,voting,Survey,2022-09-09 22:26:05.344885+00:00,1,,,84,4,,,,,,,,,,,,,,,,0,1,,,,,,56,dgqok9ca,,,,,0
5,7o35bquw,,0,479,1000,voting,Survey,2022-09-09 22:26:10.062216+00:00,1,,,139,5,,,,,,,,,,,,,,,,0,1,,,,,,56,dgqok9ca,,,,,0
6,5h9lcz0l,,0,479,1000,voting,Survey,2022-09-09 22:26:00.015623+00:00,1,,,102,6,,,,,,,,,,,,,,,,0,1,,,,,,56,dgqok9ca,,,,,0
7,u01fgzgs,,0,479,1000,voting,Survey,2022-09-09 22:26:02.661180+00:00,1,,,158,7,,,,,,,,,,,,,,,,0,1,,,,,,56,dgqok9ca,,,,,0
8,x9op5bm3,,0,479,1000,voting,Survey,2022-09-09 22:26:09.894121+00:00,1,,,121,8,,,,,,,,,,,,,,,,0,1,,,,,,56,dgqok9ca,,,,,0
9,olpl4te6,,0,479,1000,voting,Survey,2022-09-09 22:26:30.824926+00:00,1,,,176,9,,,,,,,,,,,,,,,,0,1,,,,,,56,dgqok9ca,,,,,0
10,zdqm5mqn,,0,479,1000,voting,Survey,2022-09-09 22:26:06.112592+00:00,1,,,185,10,,,,,,,,,,,,,,,,0,1,,,,,,56,dgqok9ca,,,,,0
11,5vaz41yo,,0,479,1000,voting,Survey,2022-09-09 22:26:13.653469+00:00,1,,,148,11,,,,,,,,,,,,,,,,0,1,,,,,,56,dgqok9ca,,,,,0
1,b3thk85v,,0,479,1000,voting,Survey,2022-09-09 22:26:05.968843+00:00,1,,,103,1,,,,,,,,,,,,,,,,0,1,,,,,,57,dgqok9ca,,,,,0
2,8f4qdukq,,0,479,1000,voting,Survey,2022-09-09 22:26:35.069114+00:00,1,,,66,2,,,,,,,,,,,,,,,,0,1,,,,,,57,dgqok9ca,,,,,0
3,lip6wecw,,0,479,1000,voting,Survey,2022-09-09 22:26:04.572530+00:00,1,,,98,3,,,,,,,,,,,,,,,,0,1,,,,,,57,dgqok9ca,,,,,0
4,nmglt214,,0,479,1000,voting,Survey,2022-09-09 22:26:05.344885+00:00,1,,,84,4,,,,,,,,,,,,,,,,0,1,,,,,,57,dgqok9ca,,,,,0
5,7o35bquw,,0,479,1000,voting,Survey,2022-09-09 22:26:10.062216+00:00,1,,,139,5,,,,,,,,,,,,,,,,0,1,,,,,,57,dgqok9ca,,,,,0
6,5h9lcz0l,,0,479,1000,voting,Survey,2022-09-09 22:26:00.015623+00:00,1,,,102,6,,,,,,,,,,,,,,,,0,1,,,,,,57,dgqok9ca,,,,,0
7,u01fgzgs,,0,479,1000,voting,Survey,2022-09-09 22:26:02.661180+00:00,1,,,158,7,,,,,,,,,,,,,,,,0,1,,,,,,57,dgqok9ca,,,,,0
8,x9op5bm3,,0,479,1000,voting,Survey,2022-09-09 22:26:09.894121+00:00,1,,,121,8,,,,,,,,,,,,,,,,0,1,,,,,,57,dgqok9ca,,,,,0
9,olpl4te6,,0,479,1000,voting,Survey,2022-09-09 22:26:30.824926+00:00,1,,,176,9,,,,,,,,,,,,,,,,0,1,,,,,,57,dgqok9ca,,,,,0
10,zdqm5mqn,,0,479,1000,voting,Survey,2022-09-09 22:26:06.112592+00:00,1,,,185,10,,,,,,,,,,,,,,,,0,1,,,,,,57,dgqok9ca,,,,,0
11,5vaz41yo,,0,479,1000,voting,Survey,2022-09-09 22:26:13.653469+00:00,1,,,148,11,,,,,,,,,,,,,,,,0,1,,,,,,57,dgqok9ca,,,,,0
1,b3thk85v,,0,479,1000,voting,Survey,2022-09-09 22:26:05.968843+00:00,1,,,103,1,,,,,,,,,,,,,,,,0,1,,,,,,58,dgqok9ca,,,,,0
2,8f4qdukq,,0,479,1000,voting,Survey,2022-09-09 22:26:35.069114+00:00,1,,,66,2,,,,,,,,,,,,,,,,0,1,,,,,,58,dgqok9ca,,,,,0
3,lip6wecw,,0,479,1000,voting,Survey,2022-09-09 22:26:04.572530+00:00,1,,,98,3,,,,,,,,,,,,,,,,0,1,,,,,,58,dgqok9ca,,,,,0
4,nmglt214,,0,479,1000,voting,Survey,2022-09-09 22:26:05.344885+00:00,1,,,84,4,,,,,,,,,,,,,,,,0,1,,,,,,58,dgqok9ca,,,,,0
5,7o35bquw,,0,479,1000,voting,Survey,2022-09-09 22:26:10.062216+00:00,1,,,139,5,,,,,,,,,,,,,,,,0,1,,,,,,58,dgqok9ca,,,,,0
6,5h9lcz0l,,0,479,1000,voting,Survey,2022-09-09 22:26:00.015623+00:00,1,,,102,6,,,,,,,,,,,,,,,,0,1,,,,,,58,dgqok9ca,,,,,0
7,u01fgzgs,,0,479,1000,voting,Survey,2022-09-09 22:26:02.661180+00:00,1,,,158,7,,,,,,,,,,,,,,,,0,1,,,,,,58,dgqok9ca,,,,,0
8,x9op5bm3,,0,479,1000,voting,Survey,2022-09-09 22:26:09.894121+00:00,1,,,121,8,,,,,,,,,,,,,,,,0,1,,,,,,58,dgqok9ca,,,,,0
9,olpl4te6,,0,479,1000,voting,Survey,2022-09-09 22:26:30.824926+00:00,1,,,176,9,,,,,,,,,,,,,,,,0,1,,,,,,58,dgqok9ca,,,,,0
10,zdqm5mqn,,0,479,1000,voting,Survey,2022-09-09 22:26:06.112592+00:00,1,,,185,10,,,,,,,,,,,,,,,,0,1,,,,,,58,dgqok9ca,,,,,0
11,5vaz41yo,,0,479,1000,voting,Survey,2022-09-09 22:26:13.653469+00:00,1,,,148,11,,,,,,,,,,,,,,,,0,1,,,,,,58,dgqok9ca,,,,,0
1,b3thk85v,,0,479,1000,voting,Survey,2022-09-09 22:26:05.968843+00:00,1,,,103,1,,,,,,,,,,,,,,,,0,1,,,,,,59,dgqok9ca,,,,,0
2,8f4qdukq,,0,479,1000,voting,Survey,2022-09-09 22:26:35.069114+00:00,1,,,66,2,,,,,,,,,,,,,,,,0,1,,,,,,59,dgqok9ca,,,,,0
3,lip6wecw,,0,479,1000,voting,Survey,2022-09-09 22:26:04.572530+00:00,1,,,98,3,,,,,,,,,,,,,,,,0,1,,,,,,59,dgqok9ca,,,,,0
4,nmglt214,,0,479,1000,voting,Survey,2022-09-09 22:26:05.344885+00:00,1,,,84,4,,,,,,,,,,,,,,,,0,1,,,,,,59,dgqok9ca,,,,,0
5,7o35bquw,,0,479,1000,voting,Survey,2022-09-09 22:26:10.062216+00:00,1,,,139,5,,,,,,,,,,,,,,,,0,1,,,,,,59,dgqok9ca,,,,,0
6,5h9lcz0l,,0,479,1000,voting,Survey,2022-09-09 22:26:00.015623+00:00,1,,,102,6,,,,,,,,,,,,,,,,0,1,,,,,,59,dgqok9ca,,,,,0
7,u01fgzgs,,0,479,1000,voting,Survey,2022-09-09 22:26:02.661180+00:00,1,,,158,7,,,,,,,,,,,,,,,,0,1,,,,,,59,dgqok9ca,,,,,0
8,x9op5bm3,,0,479,1000,voting,Survey,2022-09-09 22:26:09.894121+00:00,1,,,121,8,,,,,,,,,,,,,,,,0,1,,,,,,59,dgqok9ca,,,,,0
9,olpl4te6,,0,479,1000,voting,Survey,2022-09-09 22:26:30.824926+00:00,1,,,176,9,,,,,,,,,,,,,,,,0,1,,,,,,59,dgqok9ca,,,,,0
10,zdqm5mqn,,0,479,1000,voting,Survey,2022-09-09 22:26:06.112592+00:00,1,,,185,10,,,,,,,,,,,,,,,,0,1,,,,,,59,dgqok9ca,,,,,0
11,5vaz41yo,,0,479,1000,voting,Survey,2022-09-09 22:26:13.653469+00:00,1,,,148,11,,,,,,,,,,,,,,,,0,1,,,,,,59,dgqok9ca,,,,,0
1,b3thk85v,,0,479,1000,voting,Survey,2022-09-09 22:26:05.968843+00:00,1,,,103,1,,,,,,,,,,,,,,,,0,1,,,,,,60,dgqok9ca,,,,,0
2,8f4qdukq,,0,479,1000,voting,Survey,2022-09-09 22:26:35.069114+00:00,1,,,66,2,,,,,,,,,,,,,,,,0,1,,,,,,60,dgqok9ca,,,,,0
3,lip6wecw,,0,479,1000,voting,Survey,2022-09-09 22:26:04.572530+00:00,1,,,98,3,,,,,,,,,,,,,,,,0,1,,,,,,60,dgqok9ca,,,,,0
4,nmglt214,,0,479,1000,voting,Survey,2022-09-09 22:26:05.344885+00:00,1,,,84,4,,,,,,,,,,,,,,,,0,1,,,,,,60,dgqok9ca,,,,,0
5,7o35bquw,,0,479,1000,voting,Survey,2022-09-09 22:26:10.062216+00:00,1,,,139,5,,,,,,,,,,,,,,,,0,1,,,,,,60,dgqok9ca,,,,,0
6,5h9lcz0l,,0,479,1000,voting,Survey,2022-09-09 22:26:00.015623+00:00,1,,,102,6,,,,,,,,,,,,,,,,0,1,,,,,,60,dgqok9ca,,,,,0
7,u01fgzgs,,0,479,1000,voting,Survey,2022-09-09 22:26:02.661180+00:00,1,,,158,7,,,,,,,,,,,,,,,,0,1,,,,,,60,dgqok9ca,,,,,0
8,x9op5bm3,,0,479,1000,voting,Survey,2022-09-09 22:26:09.894121+00:00,1,,,121,8,,,,,,,,,,,,,,,,0,1,,,,,,60,dgqok9ca,,,,,0
9,olpl4te6,,0,479,1000,voting,Survey,2022-09-09 22:26:30.824926+00:00,1,,,176,9,,,,,,,,,,,,,,,,0,1,,,,,,60,dgqok9ca,,,,,0
10,zdqm5mqn,,0,479,1000,voting,Survey,2022-09-09 22:26:06.112592+00:00,1,,,185,10,,,,,,,,,,,,,,,,0,1,,,,,,60,dgqok9ca,,,,,0
11,5vaz41yo,,0,479,1000,voting,Survey,2022-09-09 22:26:13.653469+00:00,1,,,148,11,,,,,,,,,,,,,,,,0,1,,,,,,60,dgqok9ca,,,,,0
1,b3thk85v,,0,479,1000,voting,Survey,2022-09-09 22:26:05.968843+00:00,1,,,103,1,,,,,,,,,,,,,,,,0,1,,,,,,61,dgqok9ca,,,,,0
2,8f4qdukq,,0,479,1000,voting,Survey,2022-09-09 22:26:35.069114+00:00,1,,,66,2,,,,,,,,,,,,,,,,0,1,,,,,,61,dgqok9ca,,,,,0
3,lip6wecw,,0,479,1000,voting,Survey,2022-09-09 22:26:04.572530+00:00,1,,,98,3,,,,,,,,,,,,,,,,0,1,,,,,,61,dgqok9ca,,,,,0
4,nmglt214,,0,479,1000,voting,Survey,2022-09-09 22:26:05.344885+00:00,1,,,84,4,,,,,,,,,,,,,,,,0,1,,,,,,61,dgqok9ca,,,,,0
5,7o35bquw,,0,479,1000,voting,Survey,2022-09-09 22:26:10.062216+00:00,1,,,139,5,,,,,,,,,,,,,,,,0,1,,,,,,61,dgqok9ca,,,,,0
6,5h9lcz0l,,0,479,1000,voting,Survey,2022-09-09 22:26:00.015623+00:00,1,,,102,6,,,,,,,,,,,,,,,,0,1,,,,,,61,dgqok9ca,,,,,0
7,u01fgzgs,,0,479,1000,voting,Survey,2022-09-09 22:26:02.661180+00:00,1,,,158,7,,,,,,,,,,,,,,,,0,1,,,,,,61,dgqok9ca,,,,,0
8,x9op5bm3,,0,479,1000,voting,Survey,2022-09-09 22:26:09.894121+00:00,1,,,121,8,,,,,,,,,,,,,,,,0,1,,,,,,61,dgqok9ca,,,,,0
9,olpl4te6,,0,479,1000,voting,Survey,2022-09-09 22:26:30.824926+00:00,1,,,176,9,,,,,,,,,,,,,,,,0,1,,,,,,61,dgqok9ca,,,,,0
10,zdqm5mqn,,0,479,1000,voting,Survey,2022-09-09 22:26:06.112592+00:00,1,,,185,10,,,,,,,,,,,,,,,,0,1,,,,,,61,dgqok9ca,,,,,0
11,5vaz41yo,,0,479,1000,voting,Survey,2022-09-09 22:26:13.653469+00:00,1,,,148,11,,,,,,,,,,,,,,,,0,1,,,,,,61,dgqok9ca,,,,,0
1,b3thk85v,,0,479,1000,voting,Survey,2022-09-09 22:26:05.968843+00:00,1,,,103,1,,,,,,,,,,,,,,,,0,1,,,,,,62,dgqok9ca,,,,,0
2,8f4qdukq,,0,479,1000,voting,Survey,2022-09-09 22:26:35.069114+00:00,1,,,66,2,,,,,,,,,,,,,,,,0,1,,,,,,62,dgqok9ca,,,,,0
3,lip6wecw,,0,479,1000,voting,Survey,2022-09-09 22:26:04.572530+00:00,1,,,98,3,,,,,,,,,,,,,,,,0,1,,,,,,62,dgqok9ca,,,,,0
4,nmglt214,,0,479,1000,voting,Survey,2022-09-09 22:26:05.344885+00:00,1,,,84,4,,,,,,,,,,,,,,,,0,1,,,,,,62,dgqok9ca,,,,,0
5,7o35bquw,,0,479,1000,voting,Survey,2022-09-09 22:26:10.062216+00:00,1,,,139,5,,,,,,,,,,,,,,,,0,1,,,,,,62,dgqok9ca,,,,,0
6,5h9lcz0l,,0,479,1000,voting,Survey,2022-09-09 22:26:00.015623+00:00,1,,,102,6,,,,,,,,,,,,,,,,0,1,,,,,,62,dgqok9ca,,,,,0
7,u01fgzgs,,0,479,1000,voting,Survey,2022-09-09 22:26:02.661180+00:00,1,,,158,7,,,,,,,,,,,,,,,,0,1,,,,,,62,dgqok9ca,,,,,0
