participant.id_in_session;participant.code;participant.label;participant._is_bot;participant._index_in_pages;participant._max_page_index;participant._current_app_name;participant._current_page_name;participant.time_started;participant.visited;participant.mturk_worker_id;participant.mturk_assignment_id;participant.payoff;player.id_in_group;player.role;player.t;player.vote;player.bid;player.ask;player.lama;player.payoff;group.id_in_subsession;group.price;group.q;group.policy;subsession.round_number;session.code;session.label;session.mturk_HITId;session.mturk_HITGroupId;session.comment;session.is_demo
1;r59q3wnw;;0;434;900;voting;News;2022-08-17 22:27:00.871988+00:00;1;;;100;1;;-1;0;20.00;20.00;0.00;50;1;50.00;6;0;1;mh2a1e2u;;;;;0
2;r3guj6fb;;0;434;900;voting;News;2022-08-17 22:27:12.461939+00:00;1;;;100;2;;1;1;60.00;60.00;0.09;150;1;50.00;6;0;1;mh2a1e2u;;;;;0
3;ko6cdw8l;;0;434;900;voting;News;2022-08-17 22:27:17.196166+00:00;1;;;100;3;;-1;0;20.00;20.00;0.18;50;1;50.00;6;0;1;mh2a1e2u;;;;;0
4;wptljjuw;;0;434;900;voting;News;2022-08-17 22:27:22.276545+00:00;1;;;100;4;;1;0;55.00;55.00;0.27;150;1;50.00;6;0;1;mh2a1e2u;;;;;0
5;r9jo3sxy;;0;434;900;voting;News;2022-08-17 22:27:31.715859+00:00;1;;;100;5;;-1;0;45.00;45.00;0.36;50;1;50.00;6;0;1;mh2a1e2u;;;;;0
6;ik37tf3h;;0;434;900;voting;News;2022-08-17 22:27:39.578207+00:00;1;;;100;6;;1;0;60.00;60.00;0.45;150;1;50.00;6;0;1;mh2a1e2u;;;;;0
7;me75rpgj;;0;434;900;voting;News;2022-08-17 22:27:48.339048+00:00;1;;;100;7;;1;0;80.00;80.00;0.55;150;1;50.00;6;0;1;mh2a1e2u;;;;;0
8;sz0x8uel;;0;434;900;voting;News;2022-08-17 22:27:55.256529+00:00;1;;;100;8;;0;1;50.00;50.00;0.64;100;1;50.00;6;0;1;mh2a1e2u;;;;;0
9;3oysdhhy;;0;434;900;voting;News;2022-08-17 22:28:04.182921+00:00;1;;;100;9;;1;0;57.00;57.00;0.73;150;1;50.00;6;0;1;mh2a1e2u;;;;;0
10;8icqtqov;;0;434;900;voting;News;2022-08-17 22:28:09.625171+00:00;1;;;100;10;;-1;0;50.00;50.00;0.82;50;1;50.00;6;0;1;mh2a1e2u;;;;;0
11;fhbpl0ce;;0;434;900;voting;News;2022-08-17 22:28:15.278556+00:00;1;;;100;11;;-1;0;40.00;40.00;0.91;50;1;50.00;6;0;1;mh2a1e2u;;;;;0
1;r59q3wnw;;0;434;900;voting;News;2022-08-17 22:27:00.871988+00:00;1;;;100;1;;1;0;80.00;80.00;0.00;60;1;60.00;7;1;2;mh2a1e2u;;;;;0
2;r3guj6fb;;0;434;900;voting;News;2022-08-17 22:27:12.461939+00:00;1;;;100;2;;-1;0;58.00;58.00;0.09;69;1;60.00;7;1;2;mh2a1e2u;;;;;0
3;ko6cdw8l;;0;434;900;voting;News;2022-08-17 22:27:17.196166+00:00;1;;;100;3;;-1;0;40.00;40.00;0.18;78;1;60.00;7;1;2;mh2a1e2u;;;;;0
4;wptljjuw;;0;434;900;voting;News;2022-08-17 22:27:22.276545+00:00;1;;;100;4;;1;0;65.00;65.00;0.27;87;1;60.00;7;1;2;mh2a1e2u;;;;;0
5;r9jo3sxy;;0;434;900;voting;News;2022-08-17 22:27:31.715859+00:00;1;;;100;5;;0;1;60.00;60.00;0.36;96;1;60.00;7;1;2;mh2a1e2u;;;;;0
6;ik37tf3h;;0;434;900;voting;News;2022-08-17 22:27:39.578207+00:00;1;;;100;6;;0;1;60.00;60.00;0.45;105;1;60.00;7;1;2;mh2a1e2u;;;;;0
7;me75rpgj;;0;434;900;voting;News;2022-08-17 22:27:48.339048+00:00;1;;;100;7;;1;1;80.00;80.00;0.55;115;1;60.00;7;1;2;mh2a1e2u;;;;;0
8;sz0x8uel;;0;434;900;voting;News;2022-08-17 22:27:55.256529+00:00;1;;;100;8;;-1;0;55.00;55.00;0.64;124;1;60.00;7;1;2;mh2a1e2u;;;;;0
9;3oysdhhy;;0;434;900;voting;News;2022-08-17 22:28:04.182921+00:00;1;;;100;9;;-1;0;55.00;55.00;0.73;133;1;60.00;7;1;2;mh2a1e2u;;;;;0
10;8icqtqov;;0;434;900;voting;News;2022-08-17 22:28:09.625171+00:00;1;;;100;10;;1;1;100.00;100.00;0.82;142;1;60.00;7;1;2;mh2a1e2u;;;;;0
11;fhbpl0ce;;0;434;900;voting;News;2022-08-17 22:28:15.278556+00:00;1;;;100;11;;0;1;60.00;60.00;0.91;151;1;60.00;7;1;2;mh2a1e2u;;;;;0
1;r59q3wnw;;0;434;900;voting;News;2022-08-17 22:27:00.871988+00:00;1;;;100;1;;1;0;70.00;70.00;0.00;135;1;65.00;6;0;3;mh2a1e2u;;;;;0
2;r3guj6fb;;0;434;900;voting;News;2022-08-17 22:27:12.461939+00:00;1;;;100;2;;1;0;80.00;80.00;0.09;135;1;65.00;6;0;3;mh2a1e2u;;;;;0
3;ko6cdw8l;;0;434;900;voting;News;2022-08-17 22:27:17.196166+00:00;1;;;100;3;;-1;0;55.00;55.00;0.18;65;1;65.00;6;0;3;mh2a1e2u;;;;;0
4;wptljjuw;;0;434;900;voting;News;2022-08-17 22:27:22.276545+00:00;1;;;100;4;;0;0;65.00;65.00;0.27;100;1;65.00;6;0;3;mh2a1e2u;;;;;0
5;r9jo3sxy;;0;434;900;voting;News;2022-08-17 22:27:31.715859+00:00;1;;;100;5;;-1;0;65.00;65.00;0.36;65;1;65.00;6;0;3;mh2a1e2u;;;;;0
6;ik37tf3h;;0;434;900;voting;News;2022-08-17 22:27:39.578207+00:00;1;;;100;6;;-1;0;60.00;60.00;0.45;65;1;65.00;6;0;3;mh2a1e2u;;;;;0
7;me75rpgj;;0;434;900;voting;News;2022-08-17 22:27:48.339048+00:00;1;;;100;7;;1;0;80.00;80.00;0.55;135;1;65.00;6;0;3;mh2a1e2u;;;;;0
8;sz0x8uel;;0;434;900;voting;News;2022-08-17 22:27:55.256529+00:00;1;;;100;8;;-1;0;55.00;55.00;0.64;65;1;65.00;6;0;3;mh2a1e2u;;;;;0
9;3oysdhhy;;0;434;900;voting;News;2022-08-17 22:28:04.182921+00:00;1;;;100;9;;-1;0;63.00;63.00;0.73;65;1;65.00;6;0;3;mh2a1e2u;;;;;0
10;8icqtqov;;0;434;900;voting;News;2022-08-17 22:28:09.625171+00:00;1;;;100;10;;1;0;100.00;100.00;0.82;135;1;65.00;6;0;3;mh2a1e2u;;;;;0
11;fhbpl0ce;;0;434;900;voting;News;2022-08-17 22:28:15.278556+00:00;1;;;100;11;;1;1;70.00;70.00;0.91;135;1;65.00;6;0;3;mh2a1e2u;;;;;0
1;r59q3wnw;;0;434;900;voting;News;2022-08-17 22:27:00.871988+00:00;1;;;100;1;;1;1;80.00;80.00;0.00;130;1;70.00;6;0;4;mh2a1e2u;;;;;0
2;r3guj6fb;;0;434;900;voting;News;2022-08-17 22:27:12.461939+00:00;1;;;100;2;;0;0;70.00;70.00;0.09;100;1;70.00;6;0;4;mh2a1e2u;;;;;0
3;ko6cdw8l;;0;434;900;voting;News;2022-08-17 22:27:17.196166+00:00;1;;;100;3;;-1;0;65.00;65.00;0.18;70;1;70.00;6;0;4;mh2a1e2u;;;;;0
4;wptljjuw;;0;434;900;voting;News;2022-08-17 22:27:22.276545+00:00;1;;;100;4;;-1;0;70.00;70.00;0.27;70;1;70.00;6;0;4;mh2a1e2u;;;;;0
5;r9jo3sxy;;0;434;900;voting;News;2022-08-17 22:27:31.715859+00:00;1;;;100;5;;-1;0;70.00;70.00;0.36;70;1;70.00;6;0;4;mh2a1e2u;;;;;0
6;ik37tf3h;;0;434;900;voting;News;2022-08-17 22:27:39.578207+00:00;1;;;100;6;;1;0;75.00;75.00;0.45;130;1;70.00;6;0;4;mh2a1e2u;;;;;0
7;me75rpgj;;0;434;900;voting;News;2022-08-17 22:27:48.339048+00:00;1;;;100;7;;1;0;80.00;80.00;0.55;130;1;70.00;6;0;4;mh2a1e2u;;;;;0
8;sz0x8uel;;0;434;900;voting;News;2022-08-17 22:27:55.256529+00:00;1;;;100;8;;1;0;100.00;100.00;0.64;130;1;70.00;6;0;4;mh2a1e2u;;;;;0
9;3oysdhhy;;0;434;900;voting;News;2022-08-17 22:28:04.182921+00:00;1;;;100;9;;-1;0;70.00;70.00;0.73;70;1;70.00;6;0;4;mh2a1e2u;;;;;0
10;8icqtqov;;0;434;900;voting;News;2022-08-17 22:28:09.625171+00:00;1;;;100;10;;1;0;100.00;100.00;0.82;130;1;70.00;6;0;4;mh2a1e2u;;;;;0
11;fhbpl0ce;;0;434;900;voting;News;2022-08-17 22:28:15.278556+00:00;1;;;100;11;;-1;0;60.00;60.00;0.91;70;1;70.00;6;0;4;mh2a1e2u;;;;;0
1;r59q3wnw;;0;434;900;voting;News;2022-08-17 22:27:00.871988+00:00;1;;;100;1;;1;0;90.00;90.00;0.00;40;1;80.00;7;1;5;mh2a1e2u;;;;;0
2;r3guj6fb;;0;434;900;voting;News;2022-08-17 22:27:12.461939+00:00;1;;;100;2;;-1;0;75.00;75.00;0.09;89;1;80.00;7;1;5;mh2a1e2u;;;;;0
3;ko6cdw8l;;0;434;900;voting;News;2022-08-17 22:27:17.196166+00:00;1;;;100;3;;1;0;80.00;80.00;0.18;58;1;80.00;7;1;5;mh2a1e2u;;;;;0
4;wptljjuw;;0;434;900;voting;News;2022-08-17 22:27:22.276545+00:00;1;;;100;4;;-1;0;69.00;69.00;0.27;107;1;80.00;7;1;5;mh2a1e2u;;;;;0
5;r9jo3sxy;;0;434;900;voting;News;2022-08-17 22:27:31.715859+00:00;1;;;100;5;;0;1;80.00;80.00;0.36;96;1;80.00;7;1;5;mh2a1e2u;;;;;0
6;ik37tf3h;;0;434;900;voting;News;2022-08-17 22:27:39.578207+00:00;1;;;100;6;;-1;0;75.00;75.00;0.45;125;1;80.00;7;1;5;mh2a1e2u;;;;;0
7;me75rpgj;;0;434;900;voting;News;2022-08-17 22:27:48.339048+00:00;1;;;100;7;;0;1;80.00;80.00;0.55;115;1;80.00;7;1;5;mh2a1e2u;;;;;0
8;sz0x8uel;;0;434;900;voting;News;2022-08-17 22:27:55.256529+00:00;1;;;100;8;;1;1;120.00;120.00;0.64;104;1;80.00;7;1;5;mh2a1e2u;;;;;0
9;3oysdhhy;;0;434;900;voting;News;2022-08-17 22:28:04.182921+00:00;1;;;100;9;;1;1;100.00;100.00;0.73;113;1;80.00;7;1;5;mh2a1e2u;;;;;0
10;8icqtqov;;0;434;900;voting;News;2022-08-17 22:28:09.625171+00:00;1;;;100;10;;-1;0;40.00;40.00;0.82;162;1;80.00;7;1;5;mh2a1e2u;;;;;0
11;fhbpl0ce;;0;434;900;voting;News;2022-08-17 22:28:15.278556+00:00;1;;;100;11;;0;0;80.00;80.00;0.91;151;1;80.00;7;1;5;mh2a1e2u;;;;;0
1;r59q3wnw;;0;434;900;voting;News;2022-08-17 22:27:00.871988+00:00;1;;;100;1;;1;1;200.00;200.00;0.00;118;1;82.00;6;0;6;mh2a1e2u;;;;;0
2;r3guj6fb;;0;434;900;voting;News;2022-08-17 22:27:12.461939+00:00;1;;;100;2;;1;0;85.00;85.00;0.09;118;1;82.00;6;0;6;mh2a1e2u;;;;;0
3;ko6cdw8l;;0;434;900;voting;News;2022-08-17 22:27:17.196166+00:00;1;;;100;3;;-1;0;75.00;75.00;0.18;82;1;82.00;6;0;6;mh2a1e2u;;;;;0
4;wptljjuw;;0;434;900;voting;News;2022-08-17 22:27:22.276545+00:00;1;;;100;4;;-1;0;75.00;75.00;0.27;82;1;82.00;6;0;6;mh2a1e2u;;;;;0
5;r9jo3sxy;;0;434;900;voting;News;2022-08-17 22:27:31.715859+00:00;1;;;100;5;;1;0;85.00;85.00;0.36;118;1;82.00;6;0;6;mh2a1e2u;;;;;0
6;ik37tf3h;;0;434;900;voting;News;2022-08-17 22:27:39.578207+00:00;1;;;100;6;;-1;0;80.00;80.00;0.45;82;1;82.00;6;0;6;mh2a1e2u;;;;;0
7;me75rpgj;;0;434;900;voting;News;2022-08-17 22:27:48.339048+00:00;1;;;100;7;;-1;0;80.00;80.00;0.55;82;1;82.00;6;0;6;mh2a1e2u;;;;;0
8;sz0x8uel;;0;434;900;voting;News;2022-08-17 22:27:55.256529+00:00;1;;;100;8;;1;0;100.00;100.00;0.64;118;1;82.00;6;0;6;mh2a1e2u;;;;;0
9;3oysdhhy;;0;434;900;voting;News;2022-08-17 22:28:04.182921+00:00;1;;;100;9;;1;1;90.00;90.00;0.73;118;1;82.00;6;0;6;mh2a1e2u;;;;;0
10;8icqtqov;;0;434;900;voting;News;2022-08-17 22:28:09.625171+00:00;1;;;100;10;;-1;0;40.00;40.00;0.82;82;1;82.00;6;0;6;mh2a1e2u;;;;;0
11;fhbpl0ce;;0;434;900;voting;News;2022-08-17 22:28:15.278556+00:00;1;;;100;11;;0;1;82.00;82.00;0.91;100;1;82.00;6;0;6;mh2a1e2u;;;;;0
1;r59q3wnw;;0;434;900;voting;News;2022-08-17 22:27:00.871988+00:00;1;;;100;1;;1;1;90.00;90.00;0.00;110;1;50.00;6;1;7;mh2a1e2u;;;;;0
2;r3guj6fb;;0;434;900;voting;News;2022-08-17 22:27:12.461939+00:00;1;;;100;2;;-1;0;45.00;45.00;0.09;59;1;50.00;6;1;7;mh2a1e2u;;;;;0
3;ko6cdw8l;;0;434;900;voting;News;2022-08-17 22:27:17.196166+00:00;1;;;100;3;;-1;0;40.00;40.00;0.18;68;1;50.00;6;1;7;mh2a1e2u;;;;;0
4;wptljjuw;;0;434;900;voting;News;2022-08-17 22:27:22.276545+00:00;1;;;100;4;;1;0;69.00;69.00;0.27;137;1;50.00;6;1;7;mh2a1e2u;;;;;0
5;r9jo3sxy;;0;434;900;voting;News;2022-08-17 22:27:31.715859+00:00;1;;;100;5;;-1;0;25.00;25.00;0.36;86;1;50.00;6;1;7;mh2a1e2u;;;;;0
6;ik37tf3h;;0;434;900;voting;News;2022-08-17 22:27:39.578207+00:00;1;;;100;6;;1;1;90.00;90.00;0.45;155;1;50.00;6;1;7;mh2a1e2u;;;;;0
7;me75rpgj;;0;434;900;voting;News;2022-08-17 22:27:48.339048+00:00;1;;;100;7;;1;1;93.00;93.00;0.55;165;1;50.00;6;1;7;mh2a1e2u;;;;;0
8;sz0x8uel;;0;434;900;voting;News;2022-08-17 22:27:55.256529+00:00;1;;;100;8;;-1;0;40.00;40.00;0.64;114;1;50.00;6;1;7;mh2a1e2u;;;;;0
9;3oysdhhy;;0;434;900;voting;News;2022-08-17 22:28:04.182921+00:00;1;;;100;9;;-1;0;35.00;35.00;0.73;123;1;50.00;6;1;7;mh2a1e2u;;;;;0
10;8icqtqov;;0;434;900;voting;News;2022-08-17 22:28:09.625171+00:00;1;;;100;10;;0;1;50.00;50.00;0.82;162;1;50.00;6;1;7;mh2a1e2u;;;;;0
11;fhbpl0ce;;0;434;900;voting;News;2022-08-17 22:28:15.278556+00:00;1;;;100;11;;1;1;60.00;60.00;0.91;201;1;50.00;6;1;7;mh2a1e2u;;;;;0
1;r59q3wnw;;0;434;900;voting;News;2022-08-17 22:27:00.871988+00:00;1;;;100;1;;0;1;70.00;70.00;0.00;80;1;70.00;6;1;8;mh2a1e2u;;;;;0
2;r3guj6fb;;0;434;900;voting;News;2022-08-17 22:27:12.461939+00:00;1;;;100;2;;-1;0;60.00;60.00;0.09;79;1;70.00;6;1;8;mh2a1e2u;;;;;0
3;ko6cdw8l;;0;434;900;voting;News;2022-08-17 22:27:17.196166+00:00;1;;;100;3;;-1;0;60.00;60.00;0.18;88;1;70.00;6;1;8;mh2a1e2u;;;;;0
4;wptljjuw;;0;434;900;voting;News;2022-08-17 22:27:22.276545+00:00;1;;;100;4;;1;0;75.00;75.00;0.27;117;1;70.00;6;1;8;mh2a1e2u;;;;;0
5;r9jo3sxy;;0;434;900;voting;News;2022-08-17 22:27:31.715859+00:00;1;;;100;5;;-1;0;35.00;35.00;0.36;106;1;70.00;6;1;8;mh2a1e2u;;;;;0
6;ik37tf3h;;0;434;900;voting;News;2022-08-17 22:27:39.578207+00:00;1;;;100;6;;1;1;80.00;80.00;0.45;135;1;70.00;6;1;8;mh2a1e2u;;;;;0
7;me75rpgj;;0;434;900;voting;News;2022-08-17 22:27:48.339048+00:00;1;;;100;7;;1;1;80.00;80.00;0.55;145;1;70.00;6;1;8;mh2a1e2u;;;;;0
8;sz0x8uel;;0;434;900;voting;News;2022-08-17 22:27:55.256529+00:00;1;;;100;8;;1;1;100.00;100.00;0.64;154;1;70.00;6;1;8;mh2a1e2u;;;;;0
9;3oysdhhy;;0;434;900;voting;News;2022-08-17 22:28:04.182921+00:00;1;;;100;9;;-1;0;26.00;26.00;0.73;143;1;70.00;6;1;8;mh2a1e2u;;;;;0
10;8icqtqov;;0;434;900;voting;News;2022-08-17 22:28:09.625171+00:00;1;;;100;10;;-1;0;50.00;50.00;0.82;152;1;70.00;6;1;8;mh2a1e2u;;;;;0
11;fhbpl0ce;;0;434;900;voting;News;2022-08-17 22:28:15.278556+00:00;1;;;100;11;;1;1;70.00;70.00;0.91;181;1;70.00;6;1;8;mh2a1e2u;;;;;0
1;r59q3wnw;;0;434;900;voting;News;2022-08-17 22:27:00.871988+00:00;1;;;100;1;;1;1;200.00;200.00;0.00;75;1;85.00;6;1;9;mh2a1e2u;;;;;0
2;r3guj6fb;;0;434;900;voting;News;2022-08-17 22:27:12.461939+00:00;1;;;100;2;;1;0;100.00;100.00;0.09;84;1;85.00;6;1;9;mh2a1e2u;;;;;0
3;ko6cdw8l;;0;434;900;voting;News;2022-08-17 22:27:17.196166+00:00;1;;;100;3;;-1;0;70.00;70.00;0.18;103;1;85.00;6;1;9;mh2a1e2u;;;;;0
4;wptljjuw;;0;434;900;voting;News;2022-08-17 22:27:22.276545+00:00;1;;;100;4;;0;1;85.00;85.00;0.27;107;1;85.00;6;1;9;mh2a1e2u;;;;;0
5;r9jo3sxy;;0;434;900;voting;News;2022-08-17 22:27:31.715859+00:00;1;;;100;5;;1;0;86.00;86.00;0.36;111;1;85.00;6;1;9;mh2a1e2u;;;;;0
6;ik37tf3h;;0;434;900;voting;News;2022-08-17 22:27:39.578207+00:00;1;;;100;6;;-1;0;80.00;80.00;0.45;130;1;85.00;6;1;9;mh2a1e2u;;;;;0
7;me75rpgj;;0;434;900;voting;News;2022-08-17 22:27:48.339048+00:00;1;;;100;7;;1;1;90.00;90.00;0.55;130;1;85.00;6;1;9;mh2a1e2u;;;;;0
8;sz0x8uel;;0;434;900;voting;News;2022-08-17 22:27:55.256529+00:00;1;;;100;8;;1;1;150.00;150.00;0.64;139;1;85.00;6;1;9;mh2a1e2u;;;;;0
9;3oysdhhy;;0;434;900;voting;News;2022-08-17 22:28:04.182921+00:00;1;;;100;9;;-1;0;10.00;10.00;0.73;158;1;85.00;6;1;9;mh2a1e2u;;;;;0
10;8icqtqov;;0;434;900;voting;News;2022-08-17 22:28:09.625171+00:00;1;;;100;10;;-1;0;80.00;80.00;0.82;167;1;85.00;6;1;9;mh2a1e2u;;;;;0
11;fhbpl0ce;;0;434;900;voting;News;2022-08-17 22:28:15.278556+00:00;1;;;100;11;;-1;0;75.00;75.00;0.91;176;1;85.00;6;1;9;mh2a1e2u;;;;;0
1;r59q3wnw;;0;434;900;voting;News;2022-08-17 22:27:00.871988+00:00;1;;;100;1;;-1;0;80.00;80.00;0.00;85;1;85.00;6;0;10;mh2a1e2u;;;;;0
2;r3guj6fb;;0;434;900;voting;News;2022-08-17 22:27:12.461939+00:00;1;;;100;2;;1;1;95.00;95.00;0.09;115;1;85.00;6;0;10;mh2a1e2u;;;;;0
3;ko6cdw8l;;0;434;900;voting;News;2022-08-17 22:27:17.196166+00:00;1;;;100;3;;-1;0;75.00;75.00;0.18;85;1;85.00;6;0;10;mh2a1e2u;;;;;0
4;wptljjuw;;0;434;900;voting;News;2022-08-17 22:27:22.276545+00:00;1;;;100;4;;1;0;88.00;88.00;0.27;115;1;85.00;6;0;10;mh2a1e2u;;;;;0
5;r9jo3sxy;;0;434;900;voting;News;2022-08-17 22:27:31.715859+00:00;1;;;100;5;;1;0;92.00;92.00;0.36;115;1;85.00;6;0;10;mh2a1e2u;;;;;0
6;ik37tf3h;;0;434;900;voting;News;2022-08-17 22:27:39.578207+00:00;1;;;100;6;;0;1;85.00;85.00;0.45;100;1;85.00;6;0;10;mh2a1e2u;;;;;0
7;me75rpgj;;0;434;900;voting;News;2022-08-17 22:27:48.339048+00:00;1;;;100;7;;1;1;100.00;100.00;0.55;115;1;85.00;6;0;10;mh2a1e2u;;;;;0
8;sz0x8uel;;0;434;900;voting;News;2022-08-17 22:27:55.256529+00:00;1;;;100;8;;1;0;150.00;150.00;0.64;115;1;85.00;6;0;10;mh2a1e2u;;;;;0
9;3oysdhhy;;0;434;900;voting;News;2022-08-17 22:28:04.182921+00:00;1;;;100;9;;-1;0;1.00;1.00;0.73;85;1;85.00;6;0;10;mh2a1e2u;;;;;0
10;8icqtqov;;0;434;900;voting;News;2022-08-17 22:28:09.625171+00:00;1;;;100;10;;-1;0;80.00;80.00;0.82;85;1;85.00;6;0;10;mh2a1e2u;;;;;0
11;fhbpl0ce;;0;434;900;voting;News;2022-08-17 22:28:15.278556+00:00;1;;;100;11;;-1;0;80.00;80.00;0.91;85;1;85.00;6;0;10;mh2a1e2u;;;;;0
1;r59q3wnw;;0;434;900;voting;News;2022-08-17 22:27:00.871988+00:00;1;;;100;1;;1;0;90.00;90.00;0.00;70;1;90.00;6;1;11;mh2a1e2u;;;;;0
2;r3guj6fb;;0;434;900;voting;News;2022-08-17 22:27:12.461939+00:00;1;;;100;2;;1;0;93.00;93.00;0.09;79;1;90.00;6;1;11;mh2a1e2u;;;;;0
3;ko6cdw8l;;0;434;900;voting;News;2022-08-17 22:27:17.196166+00:00;1;;;100;3;;-1;0;75.00;75.00;0.18;108;1;90.00;6;1;11;mh2a1e2u;;;;;0
4;wptljjuw;;0;434;900;voting;News;2022-08-17 22:27:22.276545+00:00;1;;;100;4;;-1;0;84.00;84.00;0.27;117;1;90.00;6;1;11;mh2a1e2u;;;;;0
5;r9jo3sxy;;0;434;900;voting;News;2022-08-17 22:27:31.715859+00:00;1;;;100;5;;-1;0;85.00;85.00;0.36;126;1;90.00;6;1;11;mh2a1e2u;;;;;0
6;ik37tf3h;;0;434;900;voting;News;2022-08-17 22:27:39.578207+00:00;1;;;100;6;;-1;0;85.00;85.00;0.45;135;1;90.00;6;1;11;mh2a1e2u;;;;;0
7;me75rpgj;;0;434;900;voting;News;2022-08-17 22:27:48.339048+00:00;1;;;100;7;;1;1;100.00;100.00;0.55;125;1;90.00;6;1;11;mh2a1e2u;;;;;0
8;sz0x8uel;;0;434;900;voting;News;2022-08-17 22:27:55.256529+00:00;1;;;100;8;;1;1;200.00;200.00;0.64;134;1;90.00;6;1;11;mh2a1e2u;;;;;0
9;3oysdhhy;;0;434;900;voting;News;2022-08-17 22:28:04.182921+00:00;1;;;100;9;;-1;0;20.00;20.00;0.73;163;1;90.00;6;1;11;mh2a1e2u;;;;;0
10;8icqtqov;;0;434;900;voting;News;2022-08-17 22:28:09.625171+00:00;1;;;100;10;;1;1;100.00;100.00;0.82;152;1;90.00;6;1;11;mh2a1e2u;;;;;0
11;fhbpl0ce;;0;434;900;voting;News;2022-08-17 22:28:15.278556+00:00;1;;;100;11;;0;1;90.00;90.00;0.91;171;1;90.00;6;1;11;mh2a1e2u;;;;;0
1;r59q3wnw;;0;434;900;voting;News;2022-08-17 22:27:00.871988+00:00;1;;;100;1;;-1;0;60.00;60.00;0.00;90;1;90.00;7;1;12;mh2a1e2u;;;;;0
2;r3guj6fb;;0;434;900;voting;News;2022-08-17 22:27:12.461939+00:00;1;;;100;2;;1;1;110.00;110.00;0.09;79;1;90.00;7;1;12;mh2a1e2u;;;;;0
3;ko6cdw8l;;0;434;900;voting;News;2022-08-17 22:27:17.196166+00:00;1;;;100;3;;-1;0;80.00;80.00;0.18;108;1;90.00;7;1;12;mh2a1e2u;;;;;0
4;wptljjuw;;0;434;900;voting;News;2022-08-17 22:27:22.276545+00:00;1;;;100;4;;-1;0;86.00;86.00;0.27;117;1;90.00;7;1;12;mh2a1e2u;;;;;0
5;r9jo3sxy;;0;434;900;voting;News;2022-08-17 22:27:31.715859+00:00;1;;;100;5;;0;1;90.00;90.00;0.36;116;1;90.00;7;1;12;mh2a1e2u;;;;;0
6;ik37tf3h;;0;434;900;voting;News;2022-08-17 22:27:39.578207+00:00;1;;;100;6;;0;1;90.00;90.00;0.45;125;1;90.00;7;1;12;mh2a1e2u;;;;;0
7;me75rpgj;;0;434;900;voting;News;2022-08-17 22:27:48.339048+00:00;1;;;100;7;;1;1;100.00;100.00;0.55;125;1;90.00;7;1;12;mh2a1e2u;;;;;0
8;sz0x8uel;;0;434;900;voting;News;2022-08-17 22:27:55.256529+00:00;1;;;100;8;;1;1;150.00;150.00;0.64;134;1;90.00;7;1;12;mh2a1e2u;;;;;0
9;3oysdhhy;;0;434;900;voting;News;2022-08-17 22:28:04.182921+00:00;1;;;100;9;;-1;0;20.00;20.00;0.73;163;1;90.00;7;1;12;mh2a1e2u;;;;;0
10;8icqtqov;;0;434;900;voting;News;2022-08-17 22:28:09.625171+00:00;1;;;100;10;;1;1;100.00;100.00;0.82;152;1;90.00;7;1;12;mh2a1e2u;;;;;0
11;fhbpl0ce;;0;434;900;voting;News;2022-08-17 22:28:15.278556+00:00;1;;;100;11;;0;1;90.00;90.00;0.91;171;1;90.00;7;1;12;mh2a1e2u;;;;;0
1;r59q3wnw;;0;434;900;voting;News;2022-08-17 22:27:00.871988+00:00;1;;;100;1;;-1;0;75.00;75.00;0.00;90;1;90.00;7;0;13;mh2a1e2u;;;;;0
2;r3guj6fb;;0;434;900;voting;News;2022-08-17 22:27:12.461939+00:00;1;;;100;2;;1;0;100.00;100.00;0.09;110;1;90.00;7;0;13;mh2a1e2u;;;;;0
3;ko6cdw8l;;0;434;900;voting;News;2022-08-17 22:27:17.196166+00:00;1;;;100;3;;-1;0;55.00;55.00;0.18;90;1;90.00;7;0;13;mh2a1e2u;;;;;0
4;wptljjuw;;0;434;900;voting;News;2022-08-17 22:27:22.276545+00:00;1;;;100;4;;-1;0;89.00;89.00;0.27;90;1;90.00;7;0;13;mh2a1e2u;;;;;0
5;r9jo3sxy;;0;434;900;voting;News;2022-08-17 22:27:31.715859+00:00;1;;;100;5;;0;0;90.00;90.00;0.36;100;1;90.00;7;0;13;mh2a1e2u;;;;;0
6;ik37tf3h;;0;434;900;voting;News;2022-08-17 22:27:39.578207+00:00;1;;;100;6;;0;0;90.00;90.00;0.45;100;1;90.00;7;0;13;mh2a1e2u;;;;;0
7;me75rpgj;;0;434;900;voting;News;2022-08-17 22:27:48.339048+00:00;1;;;100;7;;1;0;102.00;102.00;0.55;110;1;90.00;7;0;13;mh2a1e2u;;;;;0
8;sz0x8uel;;0;434;900;voting;News;2022-08-17 22:27:55.256529+00:00;1;;;100;8;;1;0;200.00;200.00;0.64;110;1;90.00;7;0;13;mh2a1e2u;;;;;0
9;3oysdhhy;;0;434;900;voting;News;2022-08-17 22:28:04.182921+00:00;1;;;100;9;;-1;0;10.00;10.00;0.73;90;1;90.00;7;0;13;mh2a1e2u;;;;;0
10;8icqtqov;;0;434;900;voting;News;2022-08-17 22:28:09.625171+00:00;1;;;100;10;;1;1;100.00;100.00;0.82;110;1;90.00;7;0;13;mh2a1e2u;;;;;0
11;fhbpl0ce;;0;434;900;voting;News;2022-08-17 22:28:15.278556+00:00;1;;;100;11;;0;1;90.00;90.00;0.91;100;1;90.00;7;0;13;mh2a1e2u;;;;;0
1;r59q3wnw;;0;434;900;voting;News;2022-08-17 22:27:00.871988+00:00;1;;;100;1;;1;1;90.00;90.00;0.00;135;1;65.00;6;0;14;mh2a1e2u;;;;;0
2;r3guj6fb;;0;434;900;voting;News;2022-08-17 22:27:12.461939+00:00;1;;;100;2;;1;0;120.00;120.00;0.09;135;1;65.00;6;0;14;mh2a1e2u;;;;;0
3;ko6cdw8l;;0;434;900;voting;News;2022-08-17 22:27:17.196166+00:00;1;;;100;3;;1;0;75.00;75.00;0.18;135;1;65.00;6;0;14;mh2a1e2u;;;;;0
4;wptljjuw;;0;434;900;voting;News;2022-08-17 22:27:22.276545+00:00;1;;;100;4;;-1;0;40.00;40.00;0.27;65;1;65.00;6;0;14;mh2a1e2u;;;;;0
5;r9jo3sxy;;0;434;900;voting;News;2022-08-17 22:27:31.715859+00:00;1;;;100;5;;0;0;65.00;65.00;0.36;100;1;65.00;6;0;14;mh2a1e2u;;;;;0
6;ik37tf3h;;0;434;900;voting;News;2022-08-17 22:27:39.578207+00:00;1;;;100;6;;-1;0;20.00;20.00;0.45;65;1;65.00;6;0;14;mh2a1e2u;;;;;0
7;me75rpgj;;0;434;900;voting;News;2022-08-17 22:27:48.339048+00:00;1;;;100;7;;1;0;70.00;70.00;0.55;135;1;65.00;6;0;14;mh2a1e2u;;;;;0
8;sz0x8uel;;0;434;900;voting;News;2022-08-17 22:27:55.256529+00:00;1;;;100;8;;-1;0;50.00;50.00;0.64;65;1;65.00;6;0;14;mh2a1e2u;;;;;0
9;3oysdhhy;;0;434;900;voting;News;2022-08-17 22:28:04.182921+00:00;1;;;100;9;;-1;0;5.00;5.00;0.73;65;1;65.00;6;0;14;mh2a1e2u;;;;;0
10;8icqtqov;;0;434;900;voting;News;2022-08-17 22:28:09.625171+00:00;1;;;100;10;;-1;0;50.00;50.00;0.82;65;1;65.00;6;0;14;mh2a1e2u;;;;;0
11;fhbpl0ce;;0;434;900;voting;News;2022-08-17 22:28:15.278556+00:00;1;;;100;11;;1;0;91.00;91.00;0.91;135;1;65.00;6;0;14;mh2a1e2u;;;;;0
1;r59q3wnw;;0;434;900;voting;News;2022-08-17 22:27:00.871988+00:00;1;;;100;1;;1;1;80.00;80.00;0.00;120;1;80.00;6;0;15;mh2a1e2u;;;;;0
2;r3guj6fb;;0;434;900;voting;News;2022-08-17 22:27:12.461939+00:00;1;;;100;2;;1;0;120.00;120.00;0.09;120;1;80.00;6;0;15;mh2a1e2u;;;;;0
3;ko6cdw8l;;0;434;900;voting;News;2022-08-17 22:27:17.196166+00:00;1;;;100;3;;-1;0;79.00;79.00;0.18;80;1;80.00;6;0;15;mh2a1e2u;;;;;0
4;wptljjuw;;0;434;900;voting;News;2022-08-17 22:27:22.276545+00:00;1;;;100;4;;-1;0;40.00;40.00;0.27;80;1;80.00;6;0;15;mh2a1e2u;;;;;0
5;r9jo3sxy;;0;434;900;voting;News;2022-08-17 22:27:31.715859+00:00;1;;;100;5;;-1;0;70.00;70.00;0.36;80;1;80.00;6;0;15;mh2a1e2u;;;;;0
6;ik37tf3h;;0;434;900;voting;News;2022-08-17 22:27:39.578207+00:00;1;;;100;6;;-1;0;60.00;60.00;0.45;80;1;80.00;6;0;15;mh2a1e2u;;;;;0
7;me75rpgj;;0;434;900;voting;News;2022-08-17 22:27:48.339048+00:00;1;;;100;7;;0;0;80.00;80.00;0.55;100;1;80.00;6;0;15;mh2a1e2u;;;;;0
8;sz0x8uel;;0;434;900;voting;News;2022-08-17 22:27:55.256529+00:00;1;;;100;8;;1;0;100.00;100.00;0.64;120;1;80.00;6;0;15;mh2a1e2u;;;;;0
9;3oysdhhy;;0;434;900;voting;News;2022-08-17 22:28:04.182921+00:00;1;;;100;9;;-1;0;70.00;70.00;0.73;80;1;80.00;6;0;15;mh2a1e2u;;;;;0
10;8icqtqov;;0;434;900;voting;News;2022-08-17 22:28:09.625171+00:00;1;;;100;10;;1;0;100.00;100.00;0.82;120;1;80.00;6;0;15;mh2a1e2u;;;;;0
11;fhbpl0ce;;0;434;900;voting;News;2022-08-17 22:28:15.278556+00:00;1;;;100;11;;1;0;91.00;91.00;0.91;120;1;80.00;6;0;15;mh2a1e2u;;;;;0
1;r59q3wnw;;0;434;900;voting;News;2022-08-17 22:27:00.871988+00:00;1;;;100;1;;1;1;90.00;90.00;0.00;110;1;90.00;6;0;16;mh2a1e2u;;;;;0
2;r3guj6fb;;0;434;900;voting;News;2022-08-17 22:27:12.461939+00:00;1;;;100;2;;1;0;100.00;100.00;0.09;110;1;90.00;6;0;16;mh2a1e2u;;;;;0
3;ko6cdw8l;;0;434;900;voting;News;2022-08-17 22:27:17.196166+00:00;1;;;100;3;;-1;0;85.00;85.00;0.18;90;1;90.00;6;0;16;mh2a1e2u;;;;;0
4;wptljjuw;;0;434;900;voting;News;2022-08-17 22:27:22.276545+00:00;1;;;100;4;;-1;0;75.00;75.00;0.27;90;1;90.00;6;0;16;mh2a1e2u;;;;;0
5;r9jo3sxy;;0;434;900;voting;News;2022-08-17 22:27:31.715859+00:00;1;;;100;5;;1;0;93.00;93.00;0.36;110;1;90.00;6;0;16;mh2a1e2u;;;;;0
6;ik37tf3h;;0;434;900;voting;News;2022-08-17 22:27:39.578207+00:00;1;;;100;6;;-1;0;80.00;80.00;0.45;90;1;90.00;6;0;16;mh2a1e2u;;;;;0
7;me75rpgj;;0;434;900;voting;News;2022-08-17 22:27:48.339048+00:00;1;;;100;7;;1;0;101.00;101.00;0.55;110;1;90.00;6;0;16;mh2a1e2u;;;;;0
8;sz0x8uel;;0;434;900;voting;News;2022-08-17 22:27:55.256529+00:00;1;;;100;8;;0;1;90.00;90.00;0.64;100;1;90.00;6;0;16;mh2a1e2u;;;;;0
9;3oysdhhy;;0;434;900;voting;News;2022-08-17 22:28:04.182921+00:00;1;;;100;9;;-1;0;10.00;10.00;0.73;90;1;90.00;6;0;16;mh2a1e2u;;;;;0
10;8icqtqov;;0;434;900;voting;News;2022-08-17 22:28:09.625171+00:00;1;;;100;10;;1;0;100.00;100.00;0.82;110;1;90.00;6;0;16;mh2a1e2u;;;;;0
11;fhbpl0ce;;0;434;900;voting;News;2022-08-17 22:28:15.278556+00:00;1;;;100;11;;-1;0;85.00;85.00;0.91;90;1;90.00;6;0;16;mh2a1e2u;;;;;0
1;r59q3wnw;;0;434;900;voting;News;2022-08-17 22:27:00.871988+00:00;1;;;100;1;;-1;0;70.00;70.00;0.00;90;1;90.00;6;0;17;mh2a1e2u;;;;;0
2;r3guj6fb;;0;434;900;voting;News;2022-08-17 22:27:12.461939+00:00;1;;;100;2;;1;0;95.00;95.00;0.09;110;1;90.00;6;0;17;mh2a1e2u;;;;;0
3;ko6cdw8l;;0;434;900;voting;News;2022-08-17 22:27:17.196166+00:00;1;;;100;3;;-1;0;90.00;90.00;0.18;90;1;90.00;6;0;17;mh2a1e2u;;;;;0
4;wptljjuw;;0;434;900;voting;News;2022-08-17 22:27:22.276545+00:00;1;;;100;4;;-1;0;75.00;75.00;0.27;90;1;90.00;6;0;17;mh2a1e2u;;;;;0
5;r9jo3sxy;;0;434;900;voting;News;2022-08-17 22:27:31.715859+00:00;1;;;100;5;;0;0;90.00;90.00;0.36;100;1;90.00;6;0;17;mh2a1e2u;;;;;0
6;ik37tf3h;;0;434;900;voting;News;2022-08-17 22:27:39.578207+00:00;1;;;100;6;;1;0;95.00;95.00;0.45;110;1;90.00;6;0;17;mh2a1e2u;;;;;0
7;me75rpgj;;0;434;900;voting;News;2022-08-17 22:27:48.339048+00:00;1;;;100;7;;1;0;101.00;101.00;0.55;110;1;90.00;6;0;17;mh2a1e2u;;;;;0
8;sz0x8uel;;0;434;900;voting;News;2022-08-17 22:27:55.256529+00:00;1;;;100;8;;1;0;150.00;150.00;0.64;110;1;90.00;6;0;17;mh2a1e2u;;;;;0
9;3oysdhhy;;0;434;900;voting;News;2022-08-17 22:28:04.182921+00:00;1;;;100;9;;-1;0;5.00;5.00;0.73;90;1;90.00;6;0;17;mh2a1e2u;;;;;0
10;8icqtqov;;0;434;900;voting;News;2022-08-17 22:28:09.625171+00:00;1;;;100;10;;1;0;100.00;100.00;0.82;110;1;90.00;6;0;17;mh2a1e2u;;;;;0
11;fhbpl0ce;;0;434;900;voting;News;2022-08-17 22:28:15.278556+00:00;1;;;100;11;;-1;0;90.00;90.00;0.91;90;1;90.00;6;0;17;mh2a1e2u;;;;;0
1;r59q3wnw;;0;434;900;voting;News;2022-08-17 22:27:00.871988+00:00;1;;;100;1;;-1;0;80.00;80.00;0.00;95;1;95.00;7;0;18;mh2a1e2u;;;;;0
2;r3guj6fb;;0;434;900;voting;News;2022-08-17 22:27:12.461939+00:00;1;;;100;2;;0;0;95.00;95.00;0.09;100;1;95.00;7;0;18;mh2a1e2u;;;;;0
3;ko6cdw8l;;0;434;900;voting;News;2022-08-17 22:27:17.196166+00:00;1;;;100;3;;0;0;95.00;95.00;0.18;100;1;95.00;7;0;18;mh2a1e2u;;;;;0
4;wptljjuw;;0;434;900;voting;News;2022-08-17 22:27:22.276545+00:00;1;;;100;4;;-1;0;85.00;85.00;0.27;95;1;95.00;7;0;18;mh2a1e2u;;;;;0
5;r9jo3sxy;;0;434;900;voting;News;2022-08-17 22:27:31.715859+00:00;1;;;100;5;;0;0;95.00;95.00;0.36;100;1;95.00;7;0;18;mh2a1e2u;;;;;0
6;ik37tf3h;;0;434;900;voting;News;2022-08-17 22:27:39.578207+00:00;1;;;100;6;;-1;0;90.00;90.00;0.45;95;1;95.00;7;0;18;mh2a1e2u;;;;;0
7;me75rpgj;;0;434;900;voting;News;2022-08-17 22:27:48.339048+00:00;1;;;100;7;;1;0;101.00;101.00;0.55;105;1;95.00;7;0;18;mh2a1e2u;;;;;0
8;sz0x8uel;;0;434;900;voting;News;2022-08-17 22:27:55.256529+00:00;1;;;100;8;;1;0;150.00;150.00;0.64;105;1;95.00;7;0;18;mh2a1e2u;;;;;0
9;3oysdhhy;;0;434;900;voting;News;2022-08-17 22:28:04.182921+00:00;1;;;100;9;;1;0;100.00;100.00;0.73;105;1;95.00;7;0;18;mh2a1e2u;;;;;0
10;8icqtqov;;0;434;900;voting;News;2022-08-17 22:28:09.625171+00:00;1;;;100;10;;-1;0;90.00;90.00;0.82;95;1;95.00;7;0;18;mh2a1e2u;;;;;0
11;fhbpl0ce;;0;434;900;voting;News;2022-08-17 22:28:15.278556+00:00;1;;;100;11;;1;0;100.00;100.00;0.91;105;1;95.00;7;0;18;mh2a1e2u;;;;;0
1;r59q3wnw;;0;434;900;voting;News;2022-08-17 22:27:00.871988+00:00;1;;;100;1;;0;1;100.00;100.00;0.00;100;1;100.00;7;0;19;mh2a1e2u;;;;;0
2;r3guj6fb;;0;434;900;voting;News;2022-08-17 22:27:12.461939+00:00;1;;;100;2;;1;0;130.00;130.00;0.09;100;1;100.00;7;0;19;mh2a1e2u;;;;;0
3;ko6cdw8l;;0;434;900;voting;News;2022-08-17 22:27:17.196166+00:00;1;;;100;3;;-1;0;96.00;96.00;0.18;100;1;100.00;7;0;19;mh2a1e2u;;;;;0
4;wptljjuw;;0;434;900;voting;News;2022-08-17 22:27:22.276545+00:00;1;;;100;4;;-1;0;94.00;94.00;0.27;100;1;100.00;7;0;19;mh2a1e2u;;;;;0
5;r9jo3sxy;;0;434;900;voting;News;2022-08-17 22:27:31.715859+00:00;1;;;100;5;;-1;0;98.00;98.00;0.36;100;1;100.00;7;0;19;mh2a1e2u;;;;;0
6;ik37tf3h;;0;434;900;voting;News;2022-08-17 22:27:39.578207+00:00;1;;;100;6;;-1;0;95.00;95.00;0.45;100;1;100.00;7;0;19;mh2a1e2u;;;;;0
7;me75rpgj;;0;434;900;voting;News;2022-08-17 22:27:48.339048+00:00;1;;;100;7;;1;0;110.00;110.00;0.55;100;1;100.00;7;0;19;mh2a1e2u;;;;;0
8;sz0x8uel;;0;434;900;voting;News;2022-08-17 22:27:55.256529+00:00;1;;;100;8;;0;0;100.00;100.00;0.64;100;1;100.00;7;0;19;mh2a1e2u;;;;;0
9;3oysdhhy;;0;434;900;voting;News;2022-08-17 22:28:04.182921+00:00;1;;;100;9;;1;0;100.00;100.00;0.73;100;1;100.00;7;0;19;mh2a1e2u;;;;;0
10;8icqtqov;;0;434;900;voting;News;2022-08-17 22:28:09.625171+00:00;1;;;100;10;;1;0;110.00;110.00;0.82;100;1;100.00;7;0;19;mh2a1e2u;;;;;0
11;fhbpl0ce;;0;434;900;voting;News;2022-08-17 22:28:15.278556+00:00;1;;;100;11;;0;1;100.00;100.00;0.91;100;1;100.00;7;0;19;mh2a1e2u;;;;;0
1;r59q3wnw;;0;434;900;voting;News;2022-08-17 22:27:00.871988+00:00;1;;;100;1;;0;1;100.00;100.00;0.00;100;1;100.00;7;0;20;mh2a1e2u;;;;;0
2;r3guj6fb;;0;434;900;voting;News;2022-08-17 22:27:12.461939+00:00;1;;;100;2;;1;0;120.00;120.00;0.09;100;1;100.00;7;0;20;mh2a1e2u;;;;;0
3;ko6cdw8l;;0;434;900;voting;News;2022-08-17 22:27:17.196166+00:00;1;;;100;3;;-1;0;80.00;80.00;0.18;100;1;100.00;7;0;20;mh2a1e2u;;;;;0
4;wptljjuw;;0;434;900;voting;News;2022-08-17 22:27:22.276545+00:00;1;;;100;4;;-1;0;97.00;97.00;0.27;100;1;100.00;7;0;20;mh2a1e2u;;;;;0
5;r9jo3sxy;;0;434;900;voting;News;2022-08-17 22:27:31.715859+00:00;1;;;100;5;;-1;0;100.00;100.00;0.36;100;1;100.00;7;0;20;mh2a1e2u;;;;;0
6;ik37tf3h;;0;434;900;voting;News;2022-08-17 22:27:39.578207+00:00;1;;;100;6;;0;0;100.00;100.00;0.45;100;1;100.00;7;0;20;mh2a1e2u;;;;;0
7;me75rpgj;;0;434;900;voting;News;2022-08-17 22:27:48.339048+00:00;1;;;100;7;;1;0;110.00;110.00;0.55;100;1;100.00;7;0;20;mh2a1e2u;;;;;0
8;sz0x8uel;;0;434;900;voting;News;2022-08-17 22:27:55.256529+00:00;1;;;100;8;;0;0;100.00;100.00;0.64;100;1;100.00;7;0;20;mh2a1e2u;;;;;0
9;3oysdhhy;;0;434;900;voting;News;2022-08-17 22:28:04.182921+00:00;1;;;100;9;;-1;0;10.00;10.00;0.73;100;1;100.00;7;0;20;mh2a1e2u;;;;;0
10;8icqtqov;;0;434;900;voting;News;2022-08-17 22:28:09.625171+00:00;1;;;100;10;;1;0;110.00;110.00;0.82;100;1;100.00;7;0;20;mh2a1e2u;;;;;0
11;fhbpl0ce;;0;434;900;voting;News;2022-08-17 22:28:15.278556+00:00;1;;;100;11;;1;0;110.00;110.00;0.91;100;1;100.00;7;0;20;mh2a1e2u;;;;;0
1;r59q3wnw;;0;434;900;voting;News;2022-08-17 22:27:00.871988+00:00;1;;;100;1;;1;1;100.00;100.00;0.00;120;1;80.00;6;0;21;mh2a1e2u;;;;;0
2;r3guj6fb;;0;434;900;voting;News;2022-08-17 22:27:12.461939+00:00;1;;;100;2;;1;0;105.00;105.00;0.09;120;1;80.00;6;0;21;mh2a1e2u;;;;;0
3;ko6cdw8l;;0;434;900;voting;News;2022-08-17 22:27:17.196166+00:00;1;;;100;3;;-1;0;80.00;80.00;0.18;80;1;80.00;6;0;21;mh2a1e2u;;;;;0
4;wptljjuw;;0;434;900;voting;News;2022-08-17 22:27:22.276545+00:00;1;;;100;4;;-1;0;70.00;70.00;0.27;80;1;80.00;6;0;21;mh2a1e2u;;;;;0
5;r9jo3sxy;;0;434;900;voting;News;2022-08-17 22:27:31.715859+00:00;1;;;100;5;;1;0;100.00;100.00;0.36;120;1;80.00;6;0;21;mh2a1e2u;;;;;0
6;ik37tf3h;;0;434;900;voting;News;2022-08-17 22:27:39.578207+00:00;1;;;100;6;;-1;0;50.00;50.00;0.45;80;1;80.00;6;0;21;mh2a1e2u;;;;;0
7;me75rpgj;;0;434;900;voting;News;2022-08-17 22:27:48.339048+00:00;1;;;100;7;;0;0;80.00;80.00;0.55;100;1;80.00;6;0;21;mh2a1e2u;;;;;0
8;sz0x8uel;;0;434;900;voting;News;2022-08-17 22:27:55.256529+00:00;1;;;100;8;;1;0;90.00;90.00;0.64;120;1;80.00;6;0;21;mh2a1e2u;;;;;0
9;3oysdhhy;;0;434;900;voting;News;2022-08-17 22:28:04.182921+00:00;1;;;100;9;;-1;0;10.00;10.00;0.73;80;1;80.00;6;0;21;mh2a1e2u;;;;;0
10;8icqtqov;;0;434;900;voting;News;2022-08-17 22:28:09.625171+00:00;1;;;100;10;;-1;0;60.00;60.00;0.82;80;1;80.00;6;0;21;mh2a1e2u;;;;;0
11;fhbpl0ce;;0;434;900;voting;News;2022-08-17 22:28:15.278556+00:00;1;;;100;11;;1;0;90.00;90.00;0.91;120;1;80.00;6;0;21;mh2a1e2u;;;;;0
1;r59q3wnw;;0;434;900;voting;News;2022-08-17 22:27:00.871988+00:00;1;;;100;1;;-1;0;90.00;90.00;0.00;90;1;90.00;7;0;22;mh2a1e2u;;;;;0
2;r3guj6fb;;0;434;900;voting;News;2022-08-17 22:27:12.461939+00:00;1;;;100;2;;1;0;100.00;100.00;0.09;110;1;90.00;7;0;22;mh2a1e2u;;;;;0
3;ko6cdw8l;;0;434;900;voting;News;2022-08-17 22:27:17.196166+00:00;1;;;100;3;;0;0;90.00;90.00;0.18;100;1;90.00;7;0;22;mh2a1e2u;;;;;0
4;wptljjuw;;0;434;900;voting;News;2022-08-17 22:27:22.276545+00:00;1;;;100;4;;-1;0;90.00;90.00;0.27;90;1;90.00;7;0;22;mh2a1e2u;;;;;0
5;r9jo3sxy;;0;434;900;voting;News;2022-08-17 22:27:31.715859+00:00;1;;;100;5;;1;0;100.00;100.00;0.36;110;1;90.00;7;0;22;mh2a1e2u;;;;;0
6;ik37tf3h;;0;434;900;voting;News;2022-08-17 22:27:39.578207+00:00;1;;;100;6;;-1;0;85.00;85.00;0.45;90;1;90.00;7;0;22;mh2a1e2u;;;;;0
7;me75rpgj;;0;434;900;voting;News;2022-08-17 22:27:48.339048+00:00;1;;;100;7;;1;0;110.00;110.00;0.55;110;1;90.00;7;0;22;mh2a1e2u;;;;;0
8;sz0x8uel;;0;434;900;voting;News;2022-08-17 22:27:55.256529+00:00;1;;;100;8;;0;0;90.00;90.00;0.64;100;1;90.00;7;0;22;mh2a1e2u;;;;;0
9;3oysdhhy;;0;434;900;voting;News;2022-08-17 22:28:04.182921+00:00;1;;;100;9;;0;1;90.00;90.00;0.73;100;1;90.00;7;0;22;mh2a1e2u;;;;;0
10;8icqtqov;;0;434;900;voting;News;2022-08-17 22:28:09.625171+00:00;1;;;100;10;;1;0;100.00;100.00;0.82;110;1;90.00;7;0;22;mh2a1e2u;;;;;0
11;fhbpl0ce;;0;434;900;voting;News;2022-08-17 22:28:15.278556+00:00;1;;;100;11;;-1;0;90.00;90.00;0.91;90;1;90.00;7;0;22;mh2a1e2u;;;;;0
1;r59q3wnw;;0;434;900;voting;News;2022-08-17 22:27:00.871988+00:00;1;;;100;1;;1;1;100.00;100.00;0.00;100;1;100.00;6;0;23;mh2a1e2u;;;;;0
2;r3guj6fb;;0;434;900;voting;News;2022-08-17 22:27:12.461939+00:00;1;;;100;2;;0;0;100.00;100.00;0.09;100;1;100.00;6;0;23;mh2a1e2u;;;;;0
3;ko6cdw8l;;0;434;900;voting;News;2022-08-17 22:27:17.196166+00:00;1;;;100;3;;-1;0;95.00;95.00;0.18;100;1;100.00;6;0;23;mh2a1e2u;;;;;0
4;wptljjuw;;0;434;900;voting;News;2022-08-17 22:27:22.276545+00:00;1;;;100;4;;-1;0;99.00;99.00;0.27;100;1;100.00;6;0;23;mh2a1e2u;;;;;0
5;r9jo3sxy;;0;434;900;voting;News;2022-08-17 22:27:31.715859+00:00;1;;;100;5;;-1;0;90.00;90.00;0.36;100;1;100.00;6;0;23;mh2a1e2u;;;;;0
6;ik37tf3h;;0;434;900;voting;News;2022-08-17 22:27:39.578207+00:00;1;;;100;6;;-1;0;80.00;80.00;0.45;100;1;100.00;6;0;23;mh2a1e2u;;;;;0
7;me75rpgj;;0;434;900;voting;News;2022-08-17 22:27:48.339048+00:00;1;;;100;7;;1;0;110.00;110.00;0.55;100;1;100.00;6;0;23;mh2a1e2u;;;;;0
8;sz0x8uel;;0;434;900;voting;News;2022-08-17 22:27:55.256529+00:00;1;;;100;8;;1;0;200.00;200.00;0.64;100;1;100.00;6;0;23;mh2a1e2u;;;;;0
9;3oysdhhy;;0;434;900;voting;News;2022-08-17 22:28:04.182921+00:00;1;;;100;9;;-1;0;95.00;95.00;0.73;100;1;100.00;6;0;23;mh2a1e2u;;;;;0
10;8icqtqov;;0;434;900;voting;News;2022-08-17 22:28:09.625171+00:00;1;;;100;10;;1;0;100.00;100.00;0.82;100;1;100.00;6;0;23;mh2a1e2u;;;;;0
11;fhbpl0ce;;0;434;900;voting;News;2022-08-17 22:28:15.278556+00:00;1;;;100;11;;1;0;100.00;100.00;0.91;100;1;100.00;6;0;23;mh2a1e2u;;;;;0
1;r59q3wnw;;0;434;900;voting;News;2022-08-17 22:27:00.871988+00:00;1;;;100;1;;1;0;150.00;150.00;0.00;100;1;100.00;6;0;24;mh2a1e2u;;;;;0
2;r3guj6fb;;0;434;900;voting;News;2022-08-17 22:27:12.461939+00:00;1;;;100;2;;-1;0;100.00;100.00;0.09;100;1;100.00;6;0;24;mh2a1e2u;;;;;0
3;ko6cdw8l;;0;434;900;voting;News;2022-08-17 22:27:17.196166+00:00;1;;;100;3;;-1;0;100.00;100.00;0.18;100;1;100.00;6;0;24;mh2a1e2u;;;;;0
4;wptljjuw;;0;434;900;voting;News;2022-08-17 22:27:22.276545+00:00;1;;;100;4;;0;0;100.00;100.00;0.27;100;1;100.00;6;0;24;mh2a1e2u;;;;;0
5;r9jo3sxy;;0;434;900;voting;News;2022-08-17 22:27:31.715859+00:00;1;;;100;5;;-1;0;100.00;100.00;0.36;100;1;100.00;6;0;24;mh2a1e2u;;;;;0
6;ik37tf3h;;0;434;900;voting;News;2022-08-17 22:27:39.578207+00:00;1;;;100;6;;-1;0;95.00;95.00;0.45;100;1;100.00;6;0;24;mh2a1e2u;;;;;0
7;me75rpgj;;0;434;900;voting;News;2022-08-17 22:27:48.339048+00:00;1;;;100;7;;1;0;110.00;110.00;0.55;100;1;100.00;6;0;24;mh2a1e2u;;;;;0
8;sz0x8uel;;0;434;900;voting;News;2022-08-17 22:27:55.256529+00:00;1;;;100;8;;1;0;150.00;150.00;0.64;100;1;100.00;6;0;24;mh2a1e2u;;;;;0
9;3oysdhhy;;0;434;900;voting;News;2022-08-17 22:28:04.182921+00:00;1;;;100;9;;1;1;150.00;150.00;0.73;100;1;100.00;6;0;24;mh2a1e2u;;;;;0
10;8icqtqov;;0;434;900;voting;News;2022-08-17 22:28:09.625171+00:00;1;;;100;10;;1;0;110.00;110.00;0.82;100;1;100.00;6;0;24;mh2a1e2u;;;;;0
11;fhbpl0ce;;0;434;900;voting;News;2022-08-17 22:28:15.278556+00:00;1;;;100;11;;-1;0;91.00;91.00;0.91;100;1;100.00;6;0;24;mh2a1e2u;;;;;0
1;r59q3wnw;;0;434;900;voting;News;2022-08-17 22:27:00.871988+00:00;1;;;100;1;;1;0;135.00;135.00;1.00;99;1;101.00;6;0;25;mh2a1e2u;;;;;0
2;r3guj6fb;;0;434;900;voting;News;2022-08-17 22:27:12.461939+00:00;1;;;100;2;;1;0;105.00;105.00;1.00;99;1;101.00;6;0;25;mh2a1e2u;;;;;0
3;ko6cdw8l;;0;434;900;voting;News;2022-08-17 22:27:17.196166+00:00;1;;;100;3;;-1;0;10.00;10.00;1.00;101;1;101.00;6;0;25;mh2a1e2u;;;;;0
4;wptljjuw;;0;434;900;voting;News;2022-08-17 22:27:22.276545+00:00;1;;;100;4;;-1;0;85.00;85.00;1.00;101;1;101.00;6;0;25;mh2a1e2u;;;;;0
5;r9jo3sxy;;0;434;900;voting;News;2022-08-17 22:27:31.715859+00:00;1;;;100;5;;-1;0;100.00;100.00;1.00;101;1;101.00;6;0;25;mh2a1e2u;;;;;0
6;ik37tf3h;;0;434;900;voting;News;2022-08-17 22:27:39.578207+00:00;1;;;100;6;;-1;0;100.00;100.00;0.00;101;1;101.00;6;0;25;mh2a1e2u;;;;;0
7;me75rpgj;;0;434;900;voting;News;2022-08-17 22:27:48.339048+00:00;1;;;100;7;;1;0;110.00;110.00;0.00;99;1;101.00;6;0;25;mh2a1e2u;;;;;0
8;sz0x8uel;;0;434;900;voting;News;2022-08-17 22:27:55.256529+00:00;1;;;100;8;;-1;0;100.00;100.00;0.00;101;1;101.00;6;0;25;mh2a1e2u;;;;;0
9;3oysdhhy;;0;434;900;voting;News;2022-08-17 22:28:04.182921+00:00;1;;;100;9;;1;0;120.00;120.00;0.00;99;1;101.00;6;0;25;mh2a1e2u;;;;;0
10;8icqtqov;;0;434;900;voting;News;2022-08-17 22:28:09.625171+00:00;1;;;100;10;;1;0;110.00;110.00;0.00;99;1;101.00;6;0;25;mh2a1e2u;;;;;0
11;fhbpl0ce;;0;434;900;voting;News;2022-08-17 22:28:15.278556+00:00;1;;;100;11;;0;0;101.00;101.00;0.00;100;1;101.00;6;0;25;mh2a1e2u;;;;;0
1;r59q3wnw;;0;434;900;voting;News;2022-08-17 22:27:00.871988+00:00;1;;;100;1;;1;1;121.00;121.00;1.00;95;1;105.00;6;0;26;mh2a1e2u;;;;;0
2;r3guj6fb;;0;434;900;voting;News;2022-08-17 22:27:12.461939+00:00;1;;;100;2;;1;0;107.00;107.00;1.00;95;1;105.00;6;0;26;mh2a1e2u;;;;;0
3;ko6cdw8l;;0;434;900;voting;News;2022-08-17 22:27:17.196166+00:00;1;;;100;3;;1;0;120.00;120.00;1.00;95;1;105.00;6;0;26;mh2a1e2u;;;;;0
4;wptljjuw;;0;434;900;voting;News;2022-08-17 22:27:22.276545+00:00;1;;;100;4;;-1;0;100.00;100.00;1.00;105;1;105.00;6;0;26;mh2a1e2u;;;;;0
5;r9jo3sxy;;0;434;900;voting;News;2022-08-17 22:27:31.715859+00:00;1;;;100;5;;1;0;106.00;106.00;1.00;95;1;105.00;6;0;26;mh2a1e2u;;;;;0
6;ik37tf3h;;0;434;900;voting;News;2022-08-17 22:27:39.578207+00:00;1;;;100;6;;-1;0;100.00;100.00;0.00;105;1;105.00;6;0;26;mh2a1e2u;;;;;0
7;me75rpgj;;0;434;900;voting;News;2022-08-17 22:27:48.339048+00:00;1;;;100;7;;1;0;110.00;110.00;0.00;95;1;105.00;6;0;26;mh2a1e2u;;;;;0
8;sz0x8uel;;0;434;900;voting;News;2022-08-17 22:27:55.256529+00:00;1;;;100;8;;-1;0;100.00;100.00;0.00;105;1;105.00;6;0;26;mh2a1e2u;;;;;0
9;3oysdhhy;;0;434;900;voting;News;2022-08-17 22:28:04.182921+00:00;1;;;100;9;;-1;0;100.00;100.00;0.00;105;1;105.00;6;0;26;mh2a1e2u;;;;;0
10;8icqtqov;;0;434;900;voting;News;2022-08-17 22:28:09.625171+00:00;1;;;100;10;;0;0;105.00;105.00;0.00;100;1;105.00;6;0;26;mh2a1e2u;;;;;0
11;fhbpl0ce;;0;434;900;voting;News;2022-08-17 22:28:15.278556+00:00;1;;;100;11;;-1;0;101.00;101.00;0.00;105;1;105.00;6;0;26;mh2a1e2u;;;;;0
1;r59q3wnw;;0;434;900;voting;News;2022-08-17 22:27:00.871988+00:00;1;;;100;1;;1;0;110.00;110.00;1.00;92;1;108.00;6;0;27;mh2a1e2u;;;;;0
2;r3guj6fb;;0;434;900;voting;News;2022-08-17 22:27:12.461939+00:00;1;;;100;2;;-1;0;105.00;105.00;1.00;108;1;108.00;6;0;27;mh2a1e2u;;;;;0
3;ko6cdw8l;;0;434;900;voting;News;2022-08-17 22:27:17.196166+00:00;1;;;100;3;;0;1;108.00;108.00;1.00;100;1;108.00;6;0;27;mh2a1e2u;;;;;0
4;wptljjuw;;0;434;900;voting;News;2022-08-17 22:27:22.276545+00:00;1;;;100;4;;-1;0;101.00;101.00;1.00;108;1;108.00;6;0;27;mh2a1e2u;;;;;0
5;r9jo3sxy;;0;434;900;voting;News;2022-08-17 22:27:31.715859+00:00;1;;;100;5;;-1;0;105.00;105.00;1.00;108;1;108.00;6;0;27;mh2a1e2u;;;;;0
6;ik37tf3h;;0;434;900;voting;News;2022-08-17 22:27:39.578207+00:00;1;;;100;6;;1;0;110.00;110.00;0.00;92;1;108.00;6;0;27;mh2a1e2u;;;;;0
7;me75rpgj;;0;434;900;voting;News;2022-08-17 22:27:48.339048+00:00;1;;;100;7;;1;0;112.00;112.00;0.00;92;1;108.00;6;0;27;mh2a1e2u;;;;;0
8;sz0x8uel;;0;434;900;voting;News;2022-08-17 22:27:55.256529+00:00;1;;;100;8;;-1;0;105.00;105.00;0.00;108;1;108.00;6;0;27;mh2a1e2u;;;;;0
9;3oysdhhy;;0;434;900;voting;News;2022-08-17 22:28:04.182921+00:00;1;;;100;9;;1;0;150.00;150.00;0.00;92;1;108.00;6;0;27;mh2a1e2u;;;;;0
10;8icqtqov;;0;434;900;voting;News;2022-08-17 22:28:09.625171+00:00;1;;;100;10;;1;0;110.00;110.00;0.00;92;1;108.00;6;0;27;mh2a1e2u;;;;;0
11;fhbpl0ce;;0;434;900;voting;News;2022-08-17 22:28:15.278556+00:00;1;;;100;11;;-1;0;105.00;105.00;0.00;108;1;108.00;6;0;27;mh2a1e2u;;;;;0
1;r59q3wnw;;0;434;900;voting;News;2022-08-17 22:27:00.871988+00:00;1;;;100;1;;1;0;200.00;200.00;1.00;105;1;95.00;5;0;28;mh2a1e2u;;;;;0
2;r3guj6fb;;0;434;900;voting;News;2022-08-17 22:27:12.461939+00:00;1;;;100;2;;1;0;120.00;120.00;1.00;105;1;95.00;5;0;28;mh2a1e2u;;;;;0
3;ko6cdw8l;;0;434;900;voting;News;2022-08-17 22:27:17.196166+00:00;1;;;100;3;;-1;0;90.00;90.00;1.00;95;1;95.00;5;0;28;mh2a1e2u;;;;;0
4;wptljjuw;;0;434;900;voting;News;2022-08-17 22:27:22.276545+00:00;1;;;100;4;;-1;0;80.00;80.00;1.00;95;1;95.00;5;0;28;mh2a1e2u;;;;;0
5;r9jo3sxy;;0;434;900;voting;News;2022-08-17 22:27:31.715859+00:00;1;;;100;5;;1;1;100.00;100.00;1.00;105;1;95.00;5;0;28;mh2a1e2u;;;;;0
6;ik37tf3h;;0;434;900;voting;News;2022-08-17 22:27:39.578207+00:00;1;;;100;6;;-1;0;10.00;10.00;0.00;95;1;95.00;5;0;28;mh2a1e2u;;;;;0
7;me75rpgj;;0;434;900;voting;News;2022-08-17 22:27:48.339048+00:00;1;;;100;7;;1;0;100.00;100.00;0.00;105;1;95.00;5;0;28;mh2a1e2u;;;;;0
8;sz0x8uel;;0;434;900;voting;News;2022-08-17 22:27:55.256529+00:00;1;;;100;8;;1;0;110.00;110.00;0.00;105;1;95.00;5;0;28;mh2a1e2u;;;;;0
9;3oysdhhy;;0;434;900;voting;News;2022-08-17 22:28:04.182921+00:00;1;;;100;9;;-1;0;1.00;1.00;0.00;95;1;95.00;5;0;28;mh2a1e2u;;;;;0
10;8icqtqov;;0;434;900;voting;News;2022-08-17 22:28:09.625171+00:00;1;;;100;10;;-1;0;90.00;90.00;0.00;95;1;95.00;5;0;28;mh2a1e2u;;;;;0
11;fhbpl0ce;;0;434;900;voting;News;2022-08-17 22:28:15.278556+00:00;1;;;100;11;;0;0;0.00;0.00;0.00;100;1;95.00;5;0;28;mh2a1e2u;;;;;0
1;r59q3wnw;;0;434;900;voting;News;2022-08-17 22:27:00.871988+00:00;1;;;100;1;;1;0;200.00;200.00;1.00;97;1;102.50;5;0;29;mh2a1e2u;;;;;0
2;r3guj6fb;;0;434;900;voting;News;2022-08-17 22:27:12.461939+00:00;1;;;100;2;;1;0;110.00;110.00;1.00;97;1;102.50;5;0;29;mh2a1e2u;;;;;0
3;ko6cdw8l;;0;434;900;voting;News;2022-08-17 22:27:17.196166+00:00;1;;;100;3;;1;0;105.00;105.00;1.00;97;1;102.50;5;0;29;mh2a1e2u;;;;;0
4;wptljjuw;;0;434;900;voting;News;2022-08-17 22:27:22.276545+00:00;1;;;100;4;;1;0;105.00;105.00;1.00;97;1;102.50;5;0;29;mh2a1e2u;;;;;0
5;r9jo3sxy;;0;434;900;voting;News;2022-08-17 22:27:31.715859+00:00;1;;;100;5;;-1;0;100.00;100.00;1.00;103;1;102.50;5;0;29;mh2a1e2u;;;;;0
6;ik37tf3h;;0;434;900;voting;News;2022-08-17 22:27:39.578207+00:00;1;;;100;6;;-1;0;80.00;80.00;0.00;103;1;102.50;5;0;29;mh2a1e2u;;;;;0
7;me75rpgj;;0;434;900;voting;News;2022-08-17 22:27:48.339048+00:00;1;;;100;7;;1;0;110.00;110.00;0.00;97;1;102.50;5;0;29;mh2a1e2u;;;;;0
8;sz0x8uel;;0;434;900;voting;News;2022-08-17 22:27:55.256529+00:00;1;;;100;8;;-1;0;100.00;100.00;0.00;103;1;102.50;5;0;29;mh2a1e2u;;;;;0
9;3oysdhhy;;0;434;900;voting;News;2022-08-17 22:28:04.182921+00:00;1;;;100;9;;-1;0;100.00;100.00;0.00;103;1;102.50;5;0;29;mh2a1e2u;;;;;0
10;8icqtqov;;0;434;900;voting;News;2022-08-17 22:28:09.625171+00:00;1;;;100;10;;-1;0;100.00;100.00;0.00;103;1;102.50;5;0;29;mh2a1e2u;;;;;0
11;fhbpl0ce;;0;434;900;voting;News;2022-08-17 22:28:15.278556+00:00;1;;;100;11;;0;0;0.00;0.00;0.00;100;1;102.50;5;0;29;mh2a1e2u;;;;;0
1;r59q3wnw;;0;434;900;voting;News;2022-08-17 22:27:00.871988+00:00;1;;;100;1;;1;1;180.00;180.00;1.00;95;1;105.00;6;0;30;mh2a1e2u;;;;;0
2;r3guj6fb;;0;434;900;voting;News;2022-08-17 22:27:12.461939+00:00;1;;;100;2;;1;0;106.00;106.00;1.00;95;1;105.00;6;0;30;mh2a1e2u;;;;;0
3;ko6cdw8l;;0;434;900;voting;News;2022-08-17 22:27:17.196166+00:00;1;;;100;3;;-1;0;100.00;100.00;1.00;105;1;105.00;6;0;30;mh2a1e2u;;;;;0
4;wptljjuw;;0;434;900;voting;News;2022-08-17 22:27:22.276545+00:00;1;;;100;4;;1;0;105.00;105.00;1.00;95;1;105.00;6;0;30;mh2a1e2u;;;;;0
5;r9jo3sxy;;0;434;900;voting;News;2022-08-17 22:27:31.715859+00:00;1;;;100;5;;1;1;105.00;105.00;1.00;95;1;105.00;6;0;30;mh2a1e2u;;;;;0
6;ik37tf3h;;0;434;900;voting;News;2022-08-17 22:27:39.578207+00:00;1;;;100;6;;-1;0;95.00;95.00;0.00;105;1;105.00;6;0;30;mh2a1e2u;;;;;0
7;me75rpgj;;0;434;900;voting;News;2022-08-17 22:27:48.339048+00:00;1;;;100;7;;1;0;112.00;112.00;0.00;95;1;105.00;6;0;30;mh2a1e2u;;;;;0
8;sz0x8uel;;0;434;900;voting;News;2022-08-17 22:27:55.256529+00:00;1;;;100;8;;0;1;105.00;105.00;0.00;100;1;105.00;6;0;30;mh2a1e2u;;;;;0
9;3oysdhhy;;0;434;900;voting;News;2022-08-17 22:28:04.182921+00:00;1;;;100;9;;-1;0;103.00;103.00;0.00;105;1;105.00;6;0;30;mh2a1e2u;;;;;0
10;8icqtqov;;0;434;900;voting;News;2022-08-17 22:28:09.625171+00:00;1;;;100;10;;-1;0;100.00;100.00;0.00;105;1;105.00;6;0;30;mh2a1e2u;;;;;0
11;fhbpl0ce;;0;434;900;voting;News;2022-08-17 22:28:15.278556+00:00;1;;;100;11;;-1;0;100.00;100.00;0.00;105;1;105.00;6;0;30;mh2a1e2u;;;;;0
1;r59q3wnw;;0;434;900;voting;News;2022-08-17 22:27:00.871988+00:00;1;;;100;1;;1;1;140.00;140.00;1.00;115;1;105.00;6;1;31;mh2a1e2u;;;;;0
2;r3guj6fb;;0;434;900;voting;News;2022-08-17 22:27:12.461939+00:00;1;;;100;2;;-1;0;60.00;60.00;1.00;205;1;105.00;6;1;31;mh2a1e2u;;;;;0
3;ko6cdw8l;;0;434;900;voting;News;2022-08-17 22:27:17.196166+00:00;1;;;100;3;;1;1;110.00;110.00;1.00;115;1;105.00;6;1;31;mh2a1e2u;;;;;0
4;wptljjuw;;0;434;900;voting;News;2022-08-17 22:27:22.276545+00:00;1;;;100;4;;-1;0;105.00;105.00;1.00;205;1;105.00;6;1;31;mh2a1e2u;;;;;0
5;r9jo3sxy;;0;434;900;voting;News;2022-08-17 22:27:31.715859+00:00;1;;;100;5;;0;1;105.00;105.00;1.00;160;1;105.00;6;1;31;mh2a1e2u;;;;;0
6;ik37tf3h;;0;434;900;voting;News;2022-08-17 22:27:39.578207+00:00;1;;;100;6;;-1;0;95.00;95.00;0.00;105;1;105.00;6;1;31;mh2a1e2u;;;;;0
7;me75rpgj;;0;434;900;voting;News;2022-08-17 22:27:48.339048+00:00;1;;;100;7;;1;0;112.00;112.00;0.00;15;1;105.00;6;1;31;mh2a1e2u;;;;;0
8;sz0x8uel;;0;434;900;voting;News;2022-08-17 22:27:55.256529+00:00;1;;;100;8;;-1;0;105.00;105.00;0.00;105;1;105.00;6;1;31;mh2a1e2u;;;;;0
9;3oysdhhy;;0;434;900;voting;News;2022-08-17 22:28:04.182921+00:00;1;;;100;9;;1;1;106.00;106.00;0.00;15;1;105.00;6;1;31;mh2a1e2u;;;;;0
10;8icqtqov;;0;434;900;voting;News;2022-08-17 22:28:09.625171+00:00;1;;;100;10;;-1;0;100.00;100.00;0.00;105;1;105.00;6;1;31;mh2a1e2u;;;;;0
11;fhbpl0ce;;0;434;900;voting;News;2022-08-17 22:28:15.278556+00:00;1;;;100;11;;1;0;106.00;106.00;0.00;15;1;105.00;6;1;31;mh2a1e2u;;;;;0
1;r59q3wnw;;0;434;900;voting;News;2022-08-17 22:27:00.871988+00:00;1;;;100;1;;1;1;140.00;140.00;1.00;110;1;110.00;6;1;32;mh2a1e2u;;;;;0
2;r3guj6fb;;0;434;900;voting;News;2022-08-17 22:27:12.461939+00:00;1;;;100;2;;-1;0;81.00;81.00;1.00;210;1;110.00;6;1;32;mh2a1e2u;;;;;0
3;ko6cdw8l;;0;434;900;voting;News;2022-08-17 22:27:17.196166+00:00;1;;;100;3;;1;1;111.00;111.00;1.00;110;1;110.00;6;1;32;mh2a1e2u;;;;;0
4;wptljjuw;;0;434;900;voting;News;2022-08-17 22:27:22.276545+00:00;1;;;100;4;;1;1;120.00;120.00;1.00;110;1;110.00;6;1;32;mh2a1e2u;;;;;0
5;r9jo3sxy;;0;434;900;voting;News;2022-08-17 22:27:31.715859+00:00;1;;;100;5;;-1;0;108.00;108.00;1.00;210;1;110.00;6;1;32;mh2a1e2u;;;;;0
6;ik37tf3h;;0;434;900;voting;News;2022-08-17 22:27:39.578207+00:00;1;;;100;6;;-1;0;105.00;105.00;0.00;110;1;110.00;6;1;32;mh2a1e2u;;;;;0
7;me75rpgj;;0;434;900;voting;News;2022-08-17 22:27:48.339048+00:00;1;;;100;7;;1;0;112.00;112.00;0.00;10;1;110.00;6;1;32;mh2a1e2u;;;;;0
8;sz0x8uel;;0;434;900;voting;News;2022-08-17 22:27:55.256529+00:00;1;;;100;8;;1;1;110.00;110.00;0.00;10;1;110.00;6;1;32;mh2a1e2u;;;;;0
9;3oysdhhy;;0;434;900;voting;News;2022-08-17 22:28:04.182921+00:00;1;;;100;9;;-1;0;100.00;100.00;0.00;110;1;110.00;6;1;32;mh2a1e2u;;;;;0
10;8icqtqov;;0;434;900;voting;News;2022-08-17 22:28:09.625171+00:00;1;;;100;10;;0;0;110.00;110.00;0.00;60;1;110.00;6;1;32;mh2a1e2u;;;;;0
11;fhbpl0ce;;0;434;900;voting;News;2022-08-17 22:28:15.278556+00:00;1;;;100;11;;-1;0;106.00;106.00;0.00;110;1;110.00;6;1;32;mh2a1e2u;;;;;0
1;r59q3wnw;;0;434;900;voting;News;2022-08-17 22:27:00.871988+00:00;1;;;100;1;;1;1;140.00;140.00;1.00;92;1;108.00;6;0;33;mh2a1e2u;;;;;0
2;r3guj6fb;;0;434;900;voting;News;2022-08-17 22:27:12.461939+00:00;1;;;100;2;;-1;0;90.00;90.00;1.00;108;1;108.00;6;0;33;mh2a1e2u;;;;;0
3;ko6cdw8l;;0;434;900;voting;News;2022-08-17 22:27:17.196166+00:00;1;;;100;3;;-1;0;100.00;100.00;1.00;108;1;108.00;6;0;33;mh2a1e2u;;;;;0
4;wptljjuw;;0;434;900;voting;News;2022-08-17 22:27:22.276545+00:00;1;;;100;4;;1;1;125.00;125.00;1.00;92;1;108.00;6;0;33;mh2a1e2u;;;;;0
5;r9jo3sxy;;0;434;900;voting;News;2022-08-17 22:27:31.715859+00:00;1;;;100;5;;1;0;110.00;110.00;1.00;92;1;108.00;6;0;33;mh2a1e2u;;;;;0
6;ik37tf3h;;0;434;900;voting;News;2022-08-17 22:27:39.578207+00:00;1;;;100;6;;0;0;108.00;108.00;0.00;100;1;108.00;6;0;33;mh2a1e2u;;;;;0
7;me75rpgj;;0;434;900;voting;News;2022-08-17 22:27:48.339048+00:00;1;;;100;7;;-1;0;100.00;100.00;0.00;108;1;108.00;6;0;33;mh2a1e2u;;;;;0
8;sz0x8uel;;0;434;900;voting;News;2022-08-17 22:27:55.256529+00:00;1;;;100;8;;1;0;110.00;110.00;0.00;92;1;108.00;6;0;33;mh2a1e2u;;;;;0
9;3oysdhhy;;0;434;900;voting;News;2022-08-17 22:28:04.182921+00:00;1;;;100;9;;-1;0;100.00;100.00;0.00;108;1;108.00;6;0;33;mh2a1e2u;;;;;0
10;8icqtqov;;0;434;900;voting;News;2022-08-17 22:28:09.625171+00:00;1;;;100;10;;-1;0;50.00;50.00;0.00;108;1;108.00;6;0;33;mh2a1e2u;;;;;0
11;fhbpl0ce;;0;434;900;voting;News;2022-08-17 22:28:15.278556+00:00;1;;;100;11;;1;0;111.00;111.00;0.00;92;1;108.00;6;0;33;mh2a1e2u;;;;;0
1;r59q3wnw;;0;434;900;voting;News;2022-08-17 22:27:00.871988+00:00;1;;;100;1;;1;1;150.00;150.00;1.00;111;1;109.00;6;1;34;mh2a1e2u;;;;;0
2;r3guj6fb;;0;434;900;voting;News;2022-08-17 22:27:12.461939+00:00;1;;;100;2;;1;1;120.00;120.00;1.00;111;1;109.00;6;1;34;mh2a1e2u;;;;;0
3;ko6cdw8l;;0;434;900;voting;News;2022-08-17 22:27:17.196166+00:00;1;;;100;3;;-1;0;105.00;105.00;1.00;209;1;109.00;6;1;34;mh2a1e2u;;;;;0
4;wptljjuw;;0;434;900;voting;News;2022-08-17 22:27:22.276545+00:00;1;;;100;4;;1;1;111.00;111.00;1.00;111;1;109.00;6;1;34;mh2a1e2u;;;;;0
5;r9jo3sxy;;0;434;900;voting;News;2022-08-17 22:27:31.715859+00:00;1;;;100;5;;1;0;110.00;110.00;1.00;111;1;109.00;6;1;34;mh2a1e2u;;;;;0
6;ik37tf3h;;0;434;900;voting;News;2022-08-17 22:27:39.578207+00:00;1;;;100;6;;-1;0;100.00;100.00;0.00;109;1;109.00;6;1;34;mh2a1e2u;;;;;0
7;me75rpgj;;0;434;900;voting;News;2022-08-17 22:27:48.339048+00:00;1;;;100;7;;1;0;115.00;115.00;0.00;11;1;109.00;6;1;34;mh2a1e2u;;;;;0
8;sz0x8uel;;0;434;900;voting;News;2022-08-17 22:27:55.256529+00:00;1;;;100;8;;-1;0;95.00;95.00;0.00;109;1;109.00;6;1;34;mh2a1e2u;;;;;0
9;3oysdhhy;;0;434;900;voting;News;2022-08-17 22:28:04.182921+00:00;1;;;100;9;;-1;0;100.00;100.00;0.00;109;1;109.00;6;1;34;mh2a1e2u;;;;;0
10;8icqtqov;;0;434;900;voting;News;2022-08-17 22:28:09.625171+00:00;1;;;100;10;;-1;0;50.00;50.00;0.00;109;1;109.00;6;1;34;mh2a1e2u;;;;;0
11;fhbpl0ce;;0;434;900;voting;News;2022-08-17 22:28:15.278556+00:00;1;;;100;11;;0;0;109.00;109.00;0.00;60;1;109.00;6;1;34;mh2a1e2u;;;;;0
1;r59q3wnw;;0;434;900;voting;News;2022-08-17 22:27:00.871988+00:00;1;;;100;1;;1;1;150.00;150.00;1.00;130;1;70.00;6;0;35;mh2a1e2u;;;;;0
2;r3guj6fb;;0;434;900;voting;News;2022-08-17 22:27:12.461939+00:00;1;;;100;2;;1;0;100.00;100.00;1.00;130;1;70.00;6;0;35;mh2a1e2u;;;;;0
3;ko6cdw8l;;0;434;900;voting;News;2022-08-17 22:27:17.196166+00:00;1;;;100;3;;-1;0;60.00;60.00;1.00;70;1;70.00;6;0;35;mh2a1e2u;;;;;0
4;wptljjuw;;0;434;900;voting;News;2022-08-17 22:27:22.276545+00:00;1;;;100;4;;1;1;111.00;111.00;1.00;130;1;70.00;6;0;35;mh2a1e2u;;;;;0
5;r9jo3sxy;;0;434;900;voting;News;2022-08-17 22:27:31.715859+00:00;1;;;100;5;;-1;0;53.00;53.00;1.00;70;1;70.00;6;0;35;mh2a1e2u;;;;;0
6;ik37tf3h;;0;434;900;voting;News;2022-08-17 22:27:39.578207+00:00;1;;;100;6;;-1;0;20.00;20.00;0.00;70;1;70.00;6;0;35;mh2a1e2u;;;;;0
7;me75rpgj;;0;434;900;voting;News;2022-08-17 22:27:48.339048+00:00;1;;;100;7;;0;0;70.00;70.00;0.00;100;1;70.00;6;0;35;mh2a1e2u;;;;;0
8;sz0x8uel;;0;434;900;voting;News;2022-08-17 22:27:55.256529+00:00;1;;;100;8;;-1;0;50.00;50.00;0.00;70;1;70.00;6;0;35;mh2a1e2u;;;;;0
9;3oysdhhy;;0;434;900;voting;News;2022-08-17 22:28:04.182921+00:00;1;;;100;9;;1;0;100.00;100.00;0.00;130;1;70.00;6;0;35;mh2a1e2u;;;;;0
10;8icqtqov;;0;434;900;voting;News;2022-08-17 22:28:09.625171+00:00;1;;;100;10;;-1;0;40.00;40.00;0.00;70;1;70.00;6;0;35;mh2a1e2u;;;;;0
11;fhbpl0ce;;0;434;900;voting;News;2022-08-17 22:28:15.278556+00:00;1;;;100;11;;1;0;110.00;110.00;0.00;130;1;70.00;6;0;35;mh2a1e2u;;;;;0
1;r59q3wnw;;0;434;900;voting;News;2022-08-17 22:27:00.871988+00:00;1;;;100;1;;1;1;150.00;150.00;1.00;140;1;80.00;6;1;36;mh2a1e2u;;;;;0
2;r3guj6fb;;0;434;900;voting;News;2022-08-17 22:27:12.461939+00:00;1;;;100;2;;1;1;100.00;100.00;1.00;140;1;80.00;6;1;36;mh2a1e2u;;;;;0
3;ko6cdw8l;;0;434;900;voting;News;2022-08-17 22:27:17.196166+00:00;1;;;100;3;;-1;0;80.00;80.00;1.00;180;1;80.00;6;1;36;mh2a1e2u;;;;;0
4;wptljjuw;;0;434;900;voting;News;2022-08-17 22:27:22.276545+00:00;1;;;100;4;;1;1;111.00;111.00;1.00;140;1;80.00;6;1;36;mh2a1e2u;;;;;0
5;r9jo3sxy;;0;434;900;voting;News;2022-08-17 22:27:31.715859+00:00;1;;;100;5;;-1;0;80.00;80.00;1.00;180;1;80.00;6;1;36;mh2a1e2u;;;;;0
6;ik37tf3h;;0;434;900;voting;News;2022-08-17 22:27:39.578207+00:00;1;;;100;6;;-1;0;70.00;70.00;0.00;80;1;80.00;6;1;36;mh2a1e2u;;;;;0
7;me75rpgj;;0;434;900;voting;News;2022-08-17 22:27:48.339048+00:00;1;;;100;7;;1;0;90.00;90.00;0.00;40;1;80.00;6;1;36;mh2a1e2u;;;;;0
8;sz0x8uel;;0;434;900;voting;News;2022-08-17 22:27:55.256529+00:00;1;;;100;8;;-1;0;70.00;70.00;0.00;80;1;80.00;6;1;36;mh2a1e2u;;;;;0
9;3oysdhhy;;0;434;900;voting;News;2022-08-17 22:28:04.182921+00:00;1;;;100;9;;1;0;100.00;100.00;0.00;40;1;80.00;6;1;36;mh2a1e2u;;;;;0
10;8icqtqov;;0;434;900;voting;News;2022-08-17 22:28:09.625171+00:00;1;;;100;10;;0;0;80.00;80.00;0.00;60;1;80.00;6;1;36;mh2a1e2u;;;;;0
11;fhbpl0ce;;0;434;900;voting;News;2022-08-17 22:28:15.278556+00:00;1;;;100;11;;-1;0;80.00;80.00;0.00;80;1;80.00;6;1;36;mh2a1e2u;;;;;0
1;r59q3wnw;;0;434;900;voting;News;2022-08-17 22:27:00.871988+00:00;1;;;100;1;;1;1;190.00;190.00;1.00;170;1;90.00;7;1;37;mh2a1e2u;;;;;0
2;r3guj6fb;;0;434;900;voting;News;2022-08-17 22:27:12.461939+00:00;1;;;100;2;;1;1;100.00;100.00;1.00;170;1;90.00;7;1;37;mh2a1e2u;;;;;0
3;ko6cdw8l;;0;434;900;voting;News;2022-08-17 22:27:17.196166+00:00;1;;;100;3;;0;1;90.00;90.00;1.00;180;1;90.00;7;1;37;mh2a1e2u;;;;;0
4;wptljjuw;;0;434;900;voting;News;2022-08-17 22:27:22.276545+00:00;1;;;100;4;;1;1;105.00;105.00;1.00;170;1;90.00;7;1;37;mh2a1e2u;;;;;0
5;r9jo3sxy;;0;434;900;voting;News;2022-08-17 22:27:31.715859+00:00;1;;;100;5;;-1;0;85.00;85.00;1.00;190;1;90.00;7;1;37;mh2a1e2u;;;;;0
6;ik37tf3h;;0;434;900;voting;News;2022-08-17 22:27:39.578207+00:00;1;;;100;6;;-1;0;80.00;80.00;0.00;90;1;90.00;7;1;37;mh2a1e2u;;;;;0
7;me75rpgj;;0;434;900;voting;News;2022-08-17 22:27:48.339048+00:00;1;;;100;7;;1;0;90.00;90.00;0.00;70;1;90.00;7;1;37;mh2a1e2u;;;;;0
8;sz0x8uel;;0;434;900;voting;News;2022-08-17 22:27:55.256529+00:00;1;;;100;8;;0;0;90.00;90.00;0.00;80;1;90.00;7;1;37;mh2a1e2u;;;;;0
9;3oysdhhy;;0;434;900;voting;News;2022-08-17 22:28:04.182921+00:00;1;;;100;9;;-1;0;85.00;85.00;0.00;90;1;90.00;7;1;37;mh2a1e2u;;;;;0
10;8icqtqov;;0;434;900;voting;News;2022-08-17 22:28:09.625171+00:00;1;;;100;10;;-1;0;80.00;80.00;0.00;90;1;90.00;7;1;37;mh2a1e2u;;;;;0
11;fhbpl0ce;;0;434;900;voting;News;2022-08-17 22:28:15.278556+00:00;1;;;100;11;;0;0;90.00;90.00;0.00;80;1;90.00;7;1;37;mh2a1e2u;;;;;0
1;r59q3wnw;;0;434;900;voting;News;2022-08-17 22:27:00.871988+00:00;1;;;100;1;;1;1;200.00;200.00;1.00;165;1;95.00;6;1;38;mh2a1e2u;;;;;0
2;r3guj6fb;;0;434;900;voting;News;2022-08-17 22:27:12.461939+00:00;1;;;100;2;;-1;0;80.00;80.00;1.00;195;1;95.00;6;1;38;mh2a1e2u;;;;;0
3;ko6cdw8l;;0;434;900;voting;News;2022-08-17 22:27:17.196166+00:00;1;;;100;3;;1;1;98.00;98.00;1.00;165;1;95.00;6;1;38;mh2a1e2u;;;;;0
4;wptljjuw;;0;434;900;voting;News;2022-08-17 22:27:22.276545+00:00;1;;;100;4;;1;1;130.00;130.00;1.00;165;1;95.00;6;1;38;mh2a1e2u;;;;;0
5;r9jo3sxy;;0;434;900;voting;News;2022-08-17 22:27:31.715859+00:00;1;;;100;5;;-1;0;80.00;80.00;1.00;195;1;95.00;6;1;38;mh2a1e2u;;;;;0
6;ik37tf3h;;0;434;900;voting;News;2022-08-17 22:27:39.578207+00:00;1;;;100;6;;-1;0;90.00;90.00;0.00;95;1;95.00;6;1;38;mh2a1e2u;;;;;0
7;me75rpgj;;0;434;900;voting;News;2022-08-17 22:27:48.339048+00:00;1;;;100;7;;1;0;100.00;100.00;0.00;65;1;95.00;6;1;38;mh2a1e2u;;;;;0
8;sz0x8uel;;0;434;900;voting;News;2022-08-17 22:27:55.256529+00:00;1;;;100;8;;1;0;100.00;100.00;0.00;65;1;95.00;6;1;38;mh2a1e2u;;;;;0
9;3oysdhhy;;0;434;900;voting;News;2022-08-17 22:28:04.182921+00:00;1;;;100;9;;-1;0;95.00;95.00;0.00;95;1;95.00;6;1;38;mh2a1e2u;;;;;0
10;8icqtqov;;0;434;900;voting;News;2022-08-17 22:28:09.625171+00:00;1;;;100;10;;-1;0;60.00;60.00;0.00;95;1;95.00;6;1;38;mh2a1e2u;;;;;0
11;fhbpl0ce;;0;434;900;voting;News;2022-08-17 22:28:15.278556+00:00;1;;;100;11;;0;0;95.00;95.00;0.00;80;1;95.00;6;1;38;mh2a1e2u;;;;;0
1;r59q3wnw;;0;434;900;voting;News;2022-08-17 22:27:00.871988+00:00;1;;;100;1;;1;1;200.00;200.00;1.00;160;1;100.00;7;1;39;mh2a1e2u;;;;;0
2;r3guj6fb;;0;434;900;voting;News;2022-08-17 22:27:12.461939+00:00;1;;;100;2;;0;1;100.00;100.00;1.00;180;1;100.00;7;1;39;mh2a1e2u;;;;;0
3;ko6cdw8l;;0;434;900;voting;News;2022-08-17 22:27:17.196166+00:00;1;;;100;3;;0;1;100.00;100.00;1.00;180;1;100.00;7;1;39;mh2a1e2u;;;;;0
4;wptljjuw;;0;434;900;voting;News;2022-08-17 22:27:22.276545+00:00;1;;;100;4;;1;1;115.00;115.00;1.00;160;1;100.00;7;1;39;mh2a1e2u;;;;;0
5;r9jo3sxy;;0;434;900;voting;News;2022-08-17 22:27:31.715859+00:00;1;;;100;5;;-1;0;95.00;95.00;1.00;200;1;100.00;7;1;39;mh2a1e2u;;;;;0
6;ik37tf3h;;0;434;900;voting;News;2022-08-17 22:27:39.578207+00:00;1;;;100;6;;-1;0;95.00;95.00;0.00;100;1;100.00;7;1;39;mh2a1e2u;;;;;0
7;me75rpgj;;0;434;900;voting;News;2022-08-17 22:27:48.339048+00:00;1;;;100;7;;0;0;0.00;0.00;0.00;80;1;100.00;7;1;39;mh2a1e2u;;;;;0
8;sz0x8uel;;0;434;900;voting;News;2022-08-17 22:27:55.256529+00:00;1;;;100;8;;-1;0;95.00;95.00;0.00;100;1;100.00;7;1;39;mh2a1e2u;;;;;0
9;3oysdhhy;;0;434;900;voting;News;2022-08-17 22:28:04.182921+00:00;1;;;100;9;;0;0;100.00;100.00;0.00;80;1;100.00;7;1;39;mh2a1e2u;;;;;0
10;8icqtqov;;0;434;900;voting;News;2022-08-17 22:28:09.625171+00:00;1;;;100;10;;1;0;100.00;100.00;0.00;60;1;100.00;7;1;39;mh2a1e2u;;;;;0
11;fhbpl0ce;;0;434;900;voting;News;2022-08-17 22:28:15.278556+00:00;1;;;100;11;;0;0;100.00;100.00;0.00;80;1;100.00;7;1;39;mh2a1e2u;;;;;0
1;r59q3wnw;;0;434;900;voting;News;2022-08-17 22:27:00.871988+00:00;1;;;100;1;;1;1;200.00;200.00;1.00;160;1;100.00;7;1;40;mh2a1e2u;;;;;0
2;r3guj6fb;;0;434;900;voting;News;2022-08-17 22:27:12.461939+00:00;1;;;100;2;;0;0;100.00;100.00;1.00;180;1;100.00;7;1;40;mh2a1e2u;;;;;0
3;ko6cdw8l;;0;434;900;voting;News;2022-08-17 22:27:17.196166+00:00;1;;;100;3;;1;1;106.00;106.00;1.00;160;1;100.00;7;1;40;mh2a1e2u;;;;;0
4;wptljjuw;;0;434;900;voting;News;2022-08-17 22:27:22.276545+00:00;1;;;100;4;;1;1;120.00;120.00;1.00;160;1;100.00;7;1;40;mh2a1e2u;;;;;0
5;r9jo3sxy;;0;434;900;voting;News;2022-08-17 22:27:31.715859+00:00;1;;;100;5;;-1;0;99.00;99.00;1.00;200;1;100.00;7;1;40;mh2a1e2u;;;;;0
6;ik37tf3h;;0;434;900;voting;News;2022-08-17 22:27:39.578207+00:00;1;;;100;6;;1;0;105.00;105.00;0.00;60;1;100.00;7;1;40;mh2a1e2u;;;;;0
7;me75rpgj;;0;434;900;voting;News;2022-08-17 22:27:48.339048+00:00;1;;;100;7;;-1;0;16.00;16.00;0.00;100;1;100.00;7;1;40;mh2a1e2u;;;;;0
8;sz0x8uel;;0;434;900;voting;News;2022-08-17 22:27:55.256529+00:00;1;;;100;8;;-1;0;100.00;100.00;0.00;100;1;100.00;7;1;40;mh2a1e2u;;;;;0
9;3oysdhhy;;0;434;900;voting;News;2022-08-17 22:28:04.182921+00:00;1;;;100;9;;0;0;100.00;100.00;0.00;80;1;100.00;7;1;40;mh2a1e2u;;;;;0
10;8icqtqov;;0;434;900;voting;News;2022-08-17 22:28:09.625171+00:00;1;;;100;10;;-1;0;60.00;60.00;0.00;100;1;100.00;7;1;40;mh2a1e2u;;;;;0
11;fhbpl0ce;;0;434;900;voting;News;2022-08-17 22:28:15.278556+00:00;1;;;100;11;;0;0;100.00;100.00;0.00;80;1;100.00;7;1;40;mh2a1e2u;;;;;0
1;r59q3wnw;;0;434;900;voting;News;2022-08-17 22:27:00.871988+00:00;1;;;100;1;;1;1;200.00;200.00;1.00;100;1;100.00;7;0;41;mh2a1e2u;;;;;0
2;r3guj6fb;;0;434;900;voting;News;2022-08-17 22:27:12.461939+00:00;1;;;100;2;;0;1;100.00;100.00;1.00;100;1;100.00;7;0;41;mh2a1e2u;;;;;0
3;ko6cdw8l;;0;434;900;voting;News;2022-08-17 22:27:17.196166+00:00;1;;;100;3;;1;0;105.00;105.00;1.00;100;1;100.00;7;0;41;mh2a1e2u;;;;;0
4;wptljjuw;;0;434;900;voting;News;2022-08-17 22:27:22.276545+00:00;1;;;100;4;;1;1;111.00;111.00;1.00;100;1;100.00;7;0;41;mh2a1e2u;;;;;0
5;r9jo3sxy;;0;434;900;voting;News;2022-08-17 22:27:31.715859+00:00;1;;;100;5;;-1;0;100.00;100.00;1.00;100;1;100.00;7;0;41;mh2a1e2u;;;;;0
6;ik37tf3h;;0;434;900;voting;News;2022-08-17 22:27:39.578207+00:00;1;;;100;6;;0;0;100.00;100.00;0.00;100;1;100.00;7;0;41;mh2a1e2u;;;;;0
7;me75rpgj;;0;434;900;voting;News;2022-08-17 22:27:48.339048+00:00;1;;;100;7;;-1;0;16.00;16.00;0.00;100;1;100.00;7;0;41;mh2a1e2u;;;;;0
8;sz0x8uel;;0;434;900;voting;News;2022-08-17 22:27:55.256529+00:00;1;;;100;8;;0;0;100.00;100.00;0.00;100;1;100.00;7;0;41;mh2a1e2u;;;;;0
9;3oysdhhy;;0;434;900;voting;News;2022-08-17 22:28:04.182921+00:00;1;;;100;9;;-1;0;95.00;95.00;0.00;100;1;100.00;7;0;41;mh2a1e2u;;;;;0
10;8icqtqov;;0;434;900;voting;News;2022-08-17 22:28:09.625171+00:00;1;;;100;10;;-1;0;40.00;40.00;0.00;100;1;100.00;7;0;41;mh2a1e2u;;;;;0
11;fhbpl0ce;;0;434;900;voting;News;2022-08-17 22:28:15.278556+00:00;1;;;100;11;;1;0;105.00;105.00;0.00;100;1;100.00;7;0;41;mh2a1e2u;;;;;0
1;r59q3wnw;;0;434;900;voting;News;2022-08-17 22:27:00.871988+00:00;1;;;100;1;;1;1;200.00;200.00;1.00;195;1;65.00;6;1;42;mh2a1e2u;;;;;0
2;r3guj6fb;;0;434;900;voting;News;2022-08-17 22:27:12.461939+00:00;1;;;100;2;;1;1;100.00;100.00;1.00;195;1;65.00;6;1;42;mh2a1e2u;;;;;0
3;ko6cdw8l;;0;434;900;voting;News;2022-08-17 22:27:17.196166+00:00;1;;;100;3;;0;1;65.00;65.00;1.00;180;1;65.00;6;1;42;mh2a1e2u;;;;;0
4;wptljjuw;;0;434;900;voting;News;2022-08-17 22:27:22.276545+00:00;1;;;100;4;;1;1;101.00;101.00;1.00;195;1;65.00;6;1;42;mh2a1e2u;;;;;0
5;r9jo3sxy;;0;434;900;voting;News;2022-08-17 22:27:31.715859+00:00;1;;;100;5;;-1;0;55.00;55.00;1.00;165;1;65.00;6;1;42;mh2a1e2u;;;;;0
6;ik37tf3h;;0;434;900;voting;News;2022-08-17 22:27:39.578207+00:00;1;;;100;6;;-1;0;50.00;50.00;0.00;65;1;65.00;6;1;42;mh2a1e2u;;;;;0
7;me75rpgj;;0;434;900;voting;News;2022-08-17 22:27:48.339048+00:00;1;;;100;7;;-1;0;50.00;50.00;0.00;65;1;65.00;6;1;42;mh2a1e2u;;;;;0
8;sz0x8uel;;0;434;900;voting;News;2022-08-17 22:27:55.256529+00:00;1;;;100;8;;-1;0;40.00;40.00;0.00;65;1;65.00;6;1;42;mh2a1e2u;;;;;0
9;3oysdhhy;;0;434;900;voting;News;2022-08-17 22:28:04.182921+00:00;1;;;100;9;;1;0;96.00;96.00;0.00;95;1;65.00;6;1;42;mh2a1e2u;;;;;0
10;8icqtqov;;0;434;900;voting;News;2022-08-17 22:28:09.625171+00:00;1;;;100;10;;-1;0;50.00;50.00;0.00;65;1;65.00;6;1;42;mh2a1e2u;;;;;0
11;fhbpl0ce;;0;434;900;voting;News;2022-08-17 22:28:15.278556+00:00;1;;;100;11;;1;0;80.00;80.00;0.00;95;1;65.00;6;1;42;mh2a1e2u;;;;;0
1;r59q3wnw;;0;434;900;voting;News;2022-08-17 22:27:00.871988+00:00;1;;;100;1;;1;1;200.00;200.00;1.00;120;1;80.00;6;0;43;mh2a1e2u;;;;;0
2;r3guj6fb;;0;434;900;voting;News;2022-08-17 22:27:12.461939+00:00;1;;;100;2;;1;0;120.00;120.00;1.00;120;1;80.00;6;0;43;mh2a1e2u;;;;;0
3;ko6cdw8l;;0;434;900;voting;News;2022-08-17 22:27:17.196166+00:00;1;;;100;3;;-1;0;75.00;75.00;1.00;80;1;80.00;6;0;43;mh2a1e2u;;;;;0
4;wptljjuw;;0;434;900;voting;News;2022-08-17 22:27:22.276545+00:00;1;;;100;4;;1;0;110.00;110.00;1.00;120;1;80.00;6;0;43;mh2a1e2u;;;;;0
5;r9jo3sxy;;0;434;900;voting;News;2022-08-17 22:27:31.715859+00:00;1;;;100;5;;-1;0;65.00;65.00;1.00;80;1;80.00;6;0;43;mh2a1e2u;;;;;0
6;ik37tf3h;;0;434;900;voting;News;2022-08-17 22:27:39.578207+00:00;1;;;100;6;;-1;0;60.00;60.00;0.00;80;1;80.00;6;0;43;mh2a1e2u;;;;;0
7;me75rpgj;;0;434;900;voting;News;2022-08-17 22:27:48.339048+00:00;1;;;100;7;;-1;0;80.00;80.00;0.00;80;1;80.00;6;0;43;mh2a1e2u;;;;;0
8;sz0x8uel;;0;434;900;voting;News;2022-08-17 22:27:55.256529+00:00;1;;;100;8;;-1;0;65.00;65.00;0.00;80;1;80.00;6;0;43;mh2a1e2u;;;;;0
9;3oysdhhy;;0;434;900;voting;News;2022-08-17 22:28:04.182921+00:00;1;;;100;9;;1;0;95.00;95.00;0.00;120;1;80.00;6;0;43;mh2a1e2u;;;;;0
10;8icqtqov;;0;434;900;voting;News;2022-08-17 22:28:09.625171+00:00;1;;;100;10;;0;0;80.00;80.00;0.00;100;1;80.00;6;0;43;mh2a1e2u;;;;;0
11;fhbpl0ce;;0;434;900;voting;News;2022-08-17 22:28:15.278556+00:00;1;;;100;11;;1;0;85.00;85.00;0.00;120;1;80.00;6;0;43;mh2a1e2u;;;;;0
1;r59q3wnw;;0;434;900;voting;News;2022-08-17 22:27:00.871988+00:00;1;;;100;1;;1;1;200.00;200.00;1.00;104;1;96.00;6;0;44;mh2a1e2u;;;;;0
2;r3guj6fb;;0;434;900;voting;News;2022-08-17 22:27:12.461939+00:00;1;;;100;2;;1;0;100.00;100.00;1.00;104;1;96.00;6;0;44;mh2a1e2u;;;;;0
3;ko6cdw8l;;0;434;900;voting;News;2022-08-17 22:27:17.196166+00:00;1;;;100;3;;0;1;96.00;96.00;1.00;100;1;96.00;6;0;44;mh2a1e2u;;;;;0
4;wptljjuw;;0;434;900;voting;News;2022-08-17 22:27:22.276545+00:00;1;;;100;4;;1;0;105.00;105.00;1.00;104;1;96.00;6;0;44;mh2a1e2u;;;;;0
5;r9jo3sxy;;0;434;900;voting;News;2022-08-17 22:27:31.715859+00:00;1;;;100;5;;-1;0;80.00;80.00;1.00;96;1;96.00;6;0;44;mh2a1e2u;;;;;0
6;ik37tf3h;;0;434;900;voting;News;2022-08-17 22:27:39.578207+00:00;1;;;100;6;;-1;0;80.00;80.00;0.00;96;1;96.00;6;0;44;mh2a1e2u;;;;;0
7;me75rpgj;;0;434;900;voting;News;2022-08-17 22:27:48.339048+00:00;1;;;100;7;;1;0;110.00;110.00;0.00;104;1;96.00;6;0;44;mh2a1e2u;;;;;0
8;sz0x8uel;;0;434;900;voting;News;2022-08-17 22:27:55.256529+00:00;1;;;100;8;;-1;0;85.00;85.00;0.00;96;1;96.00;6;0;44;mh2a1e2u;;;;;0
9;3oysdhhy;;0;434;900;voting;News;2022-08-17 22:28:04.182921+00:00;1;;;100;9;;1;0;97.00;97.00;0.00;104;1;96.00;6;0;44;mh2a1e2u;;;;;0
10;8icqtqov;;0;434;900;voting;News;2022-08-17 22:28:09.625171+00:00;1;;;100;10;;-1;0;10.00;10.00;0.00;96;1;96.00;6;0;44;mh2a1e2u;;;;;0
11;fhbpl0ce;;0;434;900;voting;News;2022-08-17 22:28:15.278556+00:00;1;;;100;11;;-1;0;85.00;85.00;0.00;96;1;96.00;6;0;44;mh2a1e2u;;;;;0
1;r59q3wnw;;0;434;900;voting;News;2022-08-17 22:27:00.871988+00:00;1;;;100;1;;1;1;200.00;200.00;1.00;100;1;100.00;7;0;45;mh2a1e2u;;;;;0
2;r3guj6fb;;0;434;900;voting;News;2022-08-17 22:27:12.461939+00:00;1;;;100;2;;-1;0;80.00;80.00;1.00;100;1;100.00;7;0;45;mh2a1e2u;;;;;0
3;ko6cdw8l;;0;434;900;voting;News;2022-08-17 22:27:17.196166+00:00;1;;;100;3;;1;0;101.00;101.00;1.00;100;1;100.00;7;0;45;mh2a1e2u;;;;;0
4;wptljjuw;;0;434;900;voting;News;2022-08-17 22:27:22.276545+00:00;1;;;100;4;;1;0;112.00;112.00;1.00;100;1;100.00;7;0;45;mh2a1e2u;;;;;0
5;r9jo3sxy;;0;434;900;voting;News;2022-08-17 22:27:31.715859+00:00;1;;;100;5;;0;1;100.00;100.00;1.00;100;1;100.00;7;0;45;mh2a1e2u;;;;;0
6;ik37tf3h;;0;434;900;voting;News;2022-08-17 22:27:39.578207+00:00;1;;;100;6;;-1;0;95.00;95.00;0.00;100;1;100.00;7;0;45;mh2a1e2u;;;;;0
7;me75rpgj;;0;434;900;voting;News;2022-08-17 22:27:48.339048+00:00;1;;;100;7;;1;0;110.00;110.00;0.00;100;1;100.00;7;0;45;mh2a1e2u;;;;;0
8;sz0x8uel;;0;434;900;voting;News;2022-08-17 22:27:55.256529+00:00;1;;;100;8;;-1;0;98.00;98.00;0.00;100;1;100.00;7;0;45;mh2a1e2u;;;;;0
9;3oysdhhy;;0;434;900;voting;News;2022-08-17 22:28:04.182921+00:00;1;;;100;9;;0;0;100.00;100.00;0.00;100;1;100.00;7;0;45;mh2a1e2u;;;;;0
10;8icqtqov;;0;434;900;voting;News;2022-08-17 22:28:09.625171+00:00;1;;;100;10;;-1;0;100.00;100.00;0.00;100;1;100.00;7;0;45;mh2a1e2u;;;;;0
11;fhbpl0ce;;0;434;900;voting;News;2022-08-17 22:28:15.278556+00:00;1;;;100;11;;0;0;100.00;100.00;0.00;100;1;100.00;7;0;45;mh2a1e2u;;;;;0
1;r59q3wnw;;0;434;900;voting;News;2022-08-17 22:27:00.871988+00:00;1;;;100;1;;1;0;200.00;200.00;1.00;95;1;105.00;7;0;46;mh2a1e2u;;;;;0
2;r3guj6fb;;0;434;900;voting;News;2022-08-17 22:27:12.461939+00:00;1;;;100;2;;1;1;120.00;120.00;1.00;95;1;105.00;7;0;46;mh2a1e2u;;;;;0
3;ko6cdw8l;;0;434;900;voting;News;2022-08-17 22:27:17.196166+00:00;1;;;100;3;;-1;0;103.00;103.00;1.00;105;1;105.00;7;0;46;mh2a1e2u;;;;;0
4;wptljjuw;;0;434;900;voting;News;2022-08-17 22:27:22.276545+00:00;1;;;100;4;;1;0;112.00;112.00;1.00;95;1;105.00;7;0;46;mh2a1e2u;;;;;0
5;r9jo3sxy;;0;434;900;voting;News;2022-08-17 22:27:31.715859+00:00;1;;;100;5;;0;1;105.00;105.00;1.00;100;1;105.00;7;0;46;mh2a1e2u;;;;;0
6;ik37tf3h;;0;434;900;voting;News;2022-08-17 22:27:39.578207+00:00;1;;;100;6;;-1;0;95.00;95.00;0.00;105;1;105.00;7;0;46;mh2a1e2u;;;;;0
7;me75rpgj;;0;434;900;voting;News;2022-08-17 22:27:48.339048+00:00;1;;;100;7;;1;0;110.00;110.00;0.00;95;1;105.00;7;0;46;mh2a1e2u;;;;;0
8;sz0x8uel;;0;434;900;voting;News;2022-08-17 22:27:55.256529+00:00;1;;;100;8;;-1;0;102.00;102.00;0.00;105;1;105.00;7;0;46;mh2a1e2u;;;;;0
9;3oysdhhy;;0;434;900;voting;News;2022-08-17 22:28:04.182921+00:00;1;;;100;9;;-1;0;102.00;102.00;0.00;105;1;105.00;7;0;46;mh2a1e2u;;;;;0
10;8icqtqov;;0;434;900;voting;News;2022-08-17 22:28:09.625171+00:00;1;;;100;10;;0;0;105.00;105.00;0.00;100;1;105.00;7;0;46;mh2a1e2u;;;;;0
11;fhbpl0ce;;0;434;900;voting;News;2022-08-17 22:28:15.278556+00:00;1;;;100;11;;0;0;105.00;105.00;0.00;100;1;105.00;7;0;46;mh2a1e2u;;;;;0
1;r59q3wnw;;0;434;900;voting;News;2022-08-17 22:27:00.871988+00:00;1;;;100;1;;1;0;150.00;150.00;1.00;96;1;104.00;6;0;47;mh2a1e2u;;;;;0
2;r3guj6fb;;0;434;900;voting;News;2022-08-17 22:27:12.461939+00:00;1;;;100;2;;-1;0;100.00;100.00;1.00;104;1;104.00;6;0;47;mh2a1e2u;;;;;0
3;ko6cdw8l;;0;434;900;voting;News;2022-08-17 22:27:17.196166+00:00;1;;;100;3;;1;0;111.00;111.00;1.00;96;1;104.00;6;0;47;mh2a1e2u;;;;;0
4;wptljjuw;;0;434;900;voting;News;2022-08-17 22:27:22.276545+00:00;1;;;100;4;;1;0;105.00;105.00;1.00;96;1;104.00;6;0;47;mh2a1e2u;;;;;0
5;r9jo3sxy;;0;434;900;voting;News;2022-08-17 22:27:31.715859+00:00;1;;;100;5;;1;0;110.00;110.00;1.00;96;1;104.00;6;0;47;mh2a1e2u;;;;;0
6;ik37tf3h;;0;434;900;voting;News;2022-08-17 22:27:39.578207+00:00;1;;;100;6;;-1;0;100.00;100.00;0.00;104;1;104.00;6;0;47;mh2a1e2u;;;;;0
7;me75rpgj;;0;434;900;voting;News;2022-08-17 22:27:48.339048+00:00;1;;;100;7;;-1;0;100.00;100.00;0.00;104;1;104.00;6;0;47;mh2a1e2u;;;;;0
8;sz0x8uel;;0;434;900;voting;News;2022-08-17 22:27:55.256529+00:00;1;;;100;8;;0;0;104.00;104.00;0.00;100;1;104.00;6;0;47;mh2a1e2u;;;;;0
9;3oysdhhy;;0;434;900;voting;News;2022-08-17 22:28:04.182921+00:00;1;;;100;9;;-1;0;103.00;103.00;0.00;104;1;104.00;6;0;47;mh2a1e2u;;;;;0
10;8icqtqov;;0;434;900;voting;News;2022-08-17 22:28:09.625171+00:00;1;;;100;10;;-1;0;20.00;20.00;0.00;104;1;104.00;6;0;47;mh2a1e2u;;;;;0
11;fhbpl0ce;;0;434;900;voting;News;2022-08-17 22:28:15.278556+00:00;1;;;100;11;;1;0;110.00;110.00;0.00;96;1;104.00;6;0;47;mh2a1e2u;;;;;0
1;r59q3wnw;;0;434;900;voting;News;2022-08-17 22:27:00.871988+00:00;1;;;100;1;;1;1;200.00;200.00;1.00;95;1;105.00;6;0;48;mh2a1e2u;;;;;0
2;r3guj6fb;;0;434;900;voting;News;2022-08-17 22:27:12.461939+00:00;1;;;100;2;;-1;0;100.00;100.00;1.00;105;1;105.00;6;0;48;mh2a1e2u;;;;;0
3;ko6cdw8l;;0;434;900;voting;News;2022-08-17 22:27:17.196166+00:00;1;;;100;3;;0;1;105.00;105.00;1.00;100;1;105.00;6;0;48;mh2a1e2u;;;;;0
4;wptljjuw;;0;434;900;voting;News;2022-08-17 22:27:22.276545+00:00;1;;;100;4;;-1;0;103.00;103.00;1.00;105;1;105.00;6;0;48;mh2a1e2u;;;;;0
5;r9jo3sxy;;0;434;900;voting;News;2022-08-17 22:27:31.715859+00:00;1;;;100;5;;1;0;105.00;105.00;1.00;95;1;105.00;6;0;48;mh2a1e2u;;;;;0
6;ik37tf3h;;0;434;900;voting;News;2022-08-17 22:27:39.578207+00:00;1;;;100;6;;-1;0;100.00;100.00;0.00;105;1;105.00;6;0;48;mh2a1e2u;;;;;0
7;me75rpgj;;0;434;900;voting;News;2022-08-17 22:27:48.339048+00:00;1;;;100;7;;-1;0;100.00;100.00;0.00;105;1;105.00;6;0;48;mh2a1e2u;;;;;0
8;sz0x8uel;;0;434;900;voting;News;2022-08-17 22:27:55.256529+00:00;1;;;100;8;;1;0;105.00;105.00;0.00;95;1;105.00;6;0;48;mh2a1e2u;;;;;0
9;3oysdhhy;;0;434;900;voting;News;2022-08-17 22:28:04.182921+00:00;1;;;100;9;;1;0;110.00;110.00;0.00;95;1;105.00;6;0;48;mh2a1e2u;;;;;0
10;8icqtqov;;0;434;900;voting;News;2022-08-17 22:28:09.625171+00:00;1;;;100;10;;-1;0;20.00;20.00;0.00;105;1;105.00;6;0;48;mh2a1e2u;;;;;0
11;fhbpl0ce;;0;434;900;voting;News;2022-08-17 22:28:15.278556+00:00;1;;;100;11;;1;0;111.00;111.00;0.00;95;1;105.00;6;0;48;mh2a1e2u;;;;;0
1;r59q3wnw;;0;434;900;voting;News;2022-08-17 22:27:00.871988+00:00;1;;;100;1;;;0;;;;0;1;;;;49;mh2a1e2u;;;;;0
2;r3guj6fb;;0;434;900;voting;News;2022-08-17 22:27:12.461939+00:00;1;;;100;2;;;0;;;;0;1;;;;49;mh2a1e2u;;;;;0
3;ko6cdw8l;;0;434;900;voting;News;2022-08-17 22:27:17.196166+00:00;1;;;100;3;;;0;;;;0;1;;;;49;mh2a1e2u;;;;;0
4;wptljjuw;;0;434;900;voting;News;2022-08-17 22:27:22.276545+00:00;1;;;100;4;;;0;;;;0;1;;;;49;mh2a1e2u;;;;;0
5;r9jo3sxy;;0;434;900;voting;News;2022-08-17 22:27:31.715859+00:00;1;;;100;5;;;0;;;;0;1;;;;49;mh2a1e2u;;;;;0
6;ik37tf3h;;0;434;900;voting;News;2022-08-17 22:27:39.578207+00:00;1;;;100;6;;;0;;;;0;1;;;;49;mh2a1e2u;;;;;0
7;me75rpgj;;0;434;900;voting;News;2022-08-17 22:27:48.339048+00:00;1;;;100;7;;;0;;;;0;1;;;;49;mh2a1e2u;;;;;0
8;sz0x8uel;;0;434;900;voting;News;2022-08-17 22:27:55.256529+00:00;1;;;100;8;;;0;;;;0;1;;;;49;mh2a1e2u;;;;;0
9;3oysdhhy;;0;434;900;voting;News;2022-08-17 22:28:04.182921+00:00;1;;;100;9;;;0;;;;0;1;;;;49;mh2a1e2u;;;;;0
10;8icqtqov;;0;434;900;voting;News;2022-08-17 22:28:09.625171+00:00;1;;;100;10;;;0;;;;0;1;;;;49;mh2a1e2u;;;;;0
11;fhbpl0ce;;0;434;900;voting;News;2022-08-17 22:28:15.278556+00:00;1;;;100;11;;;0;;;;0;1;;;;49;mh2a1e2u;;;;;0
1;r59q3wnw;;0;434;900;voting;News;2022-08-17 22:27:00.871988+00:00;1;;;100;1;;;0;;;;0;1;;;;50;mh2a1e2u;;;;;0
2;r3guj6fb;;0;434;900;voting;News;2022-08-17 22:27:12.461939+00:00;1;;;100;2;;;0;;;;0;1;;;;50;mh2a1e2u;;;;;0
3;ko6cdw8l;;0;434;900;voting;News;2022-08-17 22:27:17.196166+00:00;1;;;100;3;;;0;;;;0;1;;;;50;mh2a1e2u;;;;;0
4;wptljjuw;;0;434;900;voting;News;2022-08-17 22:27:22.276545+00:00;1;;;100;4;;;0;;;;0;1;;;;50;mh2a1e2u;;;;;0
5;r9jo3sxy;;0;434;900;voting;News;2022-08-17 22:27:31.715859+00:00;1;;;100;5;;;0;;;;0;1;;;;50;mh2a1e2u;;;;;0
6;ik37tf3h;;0;434;900;voting;News;2022-08-17 22:27:39.578207+00:00;1;;;100;6;;;0;;;;0;1;;;;50;mh2a1e2u;;;;;0
7;me75rpgj;;0;434;900;voting;News;2022-08-17 22:27:48.339048+00:00;1;;;100;7;;;0;;;;0;1;;;;50;mh2a1e2u;;;;;0
8;sz0x8uel;;0;434;900;voting;News;2022-08-17 22:27:55.256529+00:00;1;;;100;8;;;0;;;;0;1;;;;50;mh2a1e2u;;;;;0
9;3oysdhhy;;0;434;900;voting;News;2022-08-17 22:28:04.182921+00:00;1;;;100;9;;;0;;;;0;1;;;;50;mh2a1e2u;;;;;0
10;8icqtqov;;0;434;900;voting;News;2022-08-17 22:28:09.625171+00:00;1;;;100;10;;;0;;;;0;1;;;;50;mh2a1e2u;;;;;0
11;fhbpl0ce;;0;434;900;voting;News;2022-08-17 22:28:15.278556+00:00;1;;;100;11;;;0;;;;0;1;;;;50;mh2a1e2u;;;;;0
1;r59q3wnw;;0;434;900;voting;News;2022-08-17 22:27:00.871988+00:00;1;;;100;1;;;0;;;;0;1;;;;51;mh2a1e2u;;;;;0
2;r3guj6fb;;0;434;900;voting;News;2022-08-17 22:27:12.461939+00:00;1;;;100;2;;;0;;;;0;1;;;;51;mh2a1e2u;;;;;0
3;ko6cdw8l;;0;434;900;voting;News;2022-08-17 22:27:17.196166+00:00;1;;;100;3;;;0;;;;0;1;;;;51;mh2a1e2u;;;;;0
4;wptljjuw;;0;434;900;voting;News;2022-08-17 22:27:22.276545+00:00;1;;;100;4;;;0;;;;0;1;;;;51;mh2a1e2u;;;;;0
5;r9jo3sxy;;0;434;900;voting;News;2022-08-17 22:27:31.715859+00:00;1;;;100;5;;;0;;;;0;1;;;;51;mh2a1e2u;;;;;0
6;ik37tf3h;;0;434;900;voting;News;2022-08-17 22:27:39.578207+00:00;1;;;100;6;;;0;;;;0;1;;;;51;mh2a1e2u;;;;;0
7;me75rpgj;;0;434;900;voting;News;2022-08-17 22:27:48.339048+00:00;1;;;100;7;;;0;;;;0;1;;;;51;mh2a1e2u;;;;;0
8;sz0x8uel;;0;434;900;voting;News;2022-08-17 22:27:55.256529+00:00;1;;;100;8;;;0;;;;0;1;;;;51;mh2a1e2u;;;;;0
9;3oysdhhy;;0;434;900;voting;News;2022-08-17 22:28:04.182921+00:00;1;;;100;9;;;0;;;;0;1;;;;51;mh2a1e2u;;;;;0
10;8icqtqov;;0;434;900;voting;News;2022-08-17 22:28:09.625171+00:00;1;;;100;10;;;0;;;;0;1;;;;51;mh2a1e2u;;;;;0
11;fhbpl0ce;;0;434;900;voting;News;2022-08-17 22:28:15.278556+00:00;1;;;100;11;;;0;;;;0;1;;;;51;mh2a1e2u;;;;;0
1;r59q3wnw;;0;434;900;voting;News;2022-08-17 22:27:00.871988+00:00;1;;;100;1;;;0;;;;0;1;;;;52;mh2a1e2u;;;;;0
2;r3guj6fb;;0;434;900;voting;News;2022-08-17 22:27:12.461939+00:00;1;;;100;2;;;0;;;;0;1;;;;52;mh2a1e2u;;;;;0
3;ko6cdw8l;;0;434;900;voting;News;2022-08-17 22:27:17.196166+00:00;1;;;100;3;;;0;;;;0;1;;;;52;mh2a1e2u;;;;;0
4;wptljjuw;;0;434;900;voting;News;2022-08-17 22:27:22.276545+00:00;1;;;100;4;;;0;;;;0;1;;;;52;mh2a1e2u;;;;;0
5;r9jo3sxy;;0;434;900;voting;News;2022-08-17 22:27:31.715859+00:00;1;;;100;5;;;0;;;;0;1;;;;52;mh2a1e2u;;;;;0
6;ik37tf3h;;0;434;900;voting;News;2022-08-17 22:27:39.578207+00:00;1;;;100;6;;;0;;;;0;1;;;;52;mh2a1e2u;;;;;0
7;me75rpgj;;0;434;900;voting;News;2022-08-17 22:27:48.339048+00:00;1;;;100;7;;;0;;;;0;1;;;;52;mh2a1e2u;;;;;0
8;sz0x8uel;;0;434;900;voting;News;2022-08-17 22:27:55.256529+00:00;1;;;100;8;;;0;;;;0;1;;;;52;mh2a1e2u;;;;;0
9;3oysdhhy;;0;434;900;voting;News;2022-08-17 22:28:04.182921+00:00;1;;;100;9;;;0;;;;0;1;;;;52;mh2a1e2u;;;;;0
10;8icqtqov;;0;434;900;voting;News;2022-08-17 22:28:09.625171+00:00;1;;;100;10;;;0;;;;0;1;;;;52;mh2a1e2u;;;;;0
11;fhbpl0ce;;0;434;900;voting;News;2022-08-17 22:28:15.278556+00:00;1;;;100;11;;;0;;;;0;1;;;;52;mh2a1e2u;;;;;0
1;r59q3wnw;;0;434;900;voting;News;2022-08-17 22:27:00.871988+00:00;1;;;100;1;;;0;;;;0;1;;;;53;mh2a1e2u;;;;;0
2;r3guj6fb;;0;434;900;voting;News;2022-08-17 22:27:12.461939+00:00;1;;;100;2;;;0;;;;0;1;;;;53;mh2a1e2u;;;;;0
3;ko6cdw8l;;0;434;900;voting;News;2022-08-17 22:27:17.196166+00:00;1;;;100;3;;;0;;;;0;1;;;;53;mh2a1e2u;;;;;0
4;wptljjuw;;0;434;900;voting;News;2022-08-17 22:27:22.276545+00:00;1;;;100;4;;;0;;;;0;1;;;;53;mh2a1e2u;;;;;0
5;r9jo3sxy;;0;434;900;voting;News;2022-08-17 22:27:31.715859+00:00;1;;;100;5;;;0;;;;0;1;;;;53;mh2a1e2u;;;;;0
6;ik37tf3h;;0;434;900;voting;News;2022-08-17 22:27:39.578207+00:00;1;;;100;6;;;0;;;;0;1;;;;53;mh2a1e2u;;;;;0
7;me75rpgj;;0;434;900;voting;News;2022-08-17 22:27:48.339048+00:00;1;;;100;7;;;0;;;;0;1;;;;53;mh2a1e2u;;;;;0
8;sz0x8uel;;0;434;900;voting;News;2022-08-17 22:27:55.256529+00:00;1;;;100;8;;;0;;;;0;1;;;;53;mh2a1e2u;;;;;0
9;3oysdhhy;;0;434;900;voting;News;2022-08-17 22:28:04.182921+00:00;1;;;100;9;;;0;;;;0;1;;;;53;mh2a1e2u;;;;;0
10;8icqtqov;;0;434;900;voting;News;2022-08-17 22:28:09.625171+00:00;1;;;100;10;;;0;;;;0;1;;;;53;mh2a1e2u;;;;;0
11;fhbpl0ce;;0;434;900;voting;News;2022-08-17 22:28:15.278556+00:00;1;;;100;11;;;0;;;;0;1;;;;53;mh2a1e2u;;;;;0
1;r59q3wnw;;0;434;900;voting;News;2022-08-17 22:27:00.871988+00:00;1;;;100;1;;;0;;;;0;1;;;;54;mh2a1e2u;;;;;0
2;r3guj6fb;;0;434;900;voting;News;2022-08-17 22:27:12.461939+00:00;1;;;100;2;;;0;;;;0;1;;;;54;mh2a1e2u;;;;;0
3;ko6cdw8l;;0;434;900;voting;News;2022-08-17 22:27:17.196166+00:00;1;;;100;3;;;0;;;;0;1;;;;54;mh2a1e2u;;;;;0
4;wptljjuw;;0;434;900;voting;News;2022-08-17 22:27:22.276545+00:00;1;;;100;4;;;0;;;;0;1;;;;54;mh2a1e2u;;;;;0
5;r9jo3sxy;;0;434;900;voting;News;2022-08-17 22:27:31.715859+00:00;1;;;100;5;;;0;;;;0;1;;;;54;mh2a1e2u;;;;;0
6;ik37tf3h;;0;434;900;voting;News;2022-08-17 22:27:39.578207+00:00;1;;;100;6;;;0;;;;0;1;;;;54;mh2a1e2u;;;;;0
7;me75rpgj;;0;434;900;voting;News;2022-08-17 22:27:48.339048+00:00;1;;;100;7;;;0;;;;0;1;;;;54;mh2a1e2u;;;;;0
8;sz0x8uel;;0;434;900;voting;News;2022-08-17 22:27:55.256529+00:00;1;;;100;8;;;0;;;;0;1;;;;54;mh2a1e2u;;;;;0
9;3oysdhhy;;0;434;900;voting;News;2022-08-17 22:28:04.182921+00:00;1;;;100;9;;;0;;;;0;1;;;;54;mh2a1e2u;;;;;0
10;8icqtqov;;0;434;900;voting;News;2022-08-17 22:28:09.625171+00:00;1;;;100;10;;;0;;;;0;1;;;;54;mh2a1e2u;;;;;0
11;fhbpl0ce;;0;434;900;voting;News;2022-08-17 22:28:15.278556+00:00;1;;;100;11;;;0;;;;0;1;;;;54;mh2a1e2u;;;;;0
1;r59q3wnw;;0;434;900;voting;News;2022-08-17 22:27:00.871988+00:00;1;;;100;1;;;0;;;;0;1;;;;55;mh2a1e2u;;;;;0
2;r3guj6fb;;0;434;900;voting;News;2022-08-17 22:27:12.461939+00:00;1;;;100;2;;;0;;;;0;1;;;;55;mh2a1e2u;;;;;0
3;ko6cdw8l;;0;434;900;voting;News;2022-08-17 22:27:17.196166+00:00;1;;;100;3;;;0;;;;0;1;;;;55;mh2a1e2u;;;;;0
4;wptljjuw;;0;434;900;voting;News;2022-08-17 22:27:22.276545+00:00;1;;;100;4;;;0;;;;0;1;;;;55;mh2a1e2u;;;;;0
5;r9jo3sxy;;0;434;900;voting;News;2022-08-17 22:27:31.715859+00:00;1;;;100;5;;;0;;;;0;1;;;;55;mh2a1e2u;;;;;0
6;ik37tf3h;;0;434;900;voting;News;2022-08-17 22:27:39.578207+00:00;1;;;100;6;;;0;;;;0;1;;;;55;mh2a1e2u;;;;;0
7;me75rpgj;;0;434;900;voting;News;2022-08-17 22:27:48.339048+00:00;1;;;100;7;;;0;;;;0;1;;;;55;mh2a1e2u;;;;;0
8;sz0x8uel;;0;434;900;voting;News;2022-08-17 22:27:55.256529+00:00;1;;;100;8;;;0;;;;0;1;;;;55;mh2a1e2u;;;;;0
9;3oysdhhy;;0;434;900;voting;News;2022-08-17 22:28:04.182921+00:00;1;;;100;9;;;0;;;;0;1;;;;55;mh2a1e2u;;;;;0
10;8icqtqov;;0;434;900;voting;News;2022-08-17 22:28:09.625171+00:00;1;;;100;10;;;0;;;;0;1;;;;55;mh2a1e2u;;;;;0
11;fhbpl0ce;;0;434;900;voting;News;2022-08-17 22:28:15.278556+00:00;1;;;100;11;;;0;;;;0;1;;;;55;mh2a1e2u;;;;;0
1;r59q3wnw;;0;434;900;voting;News;2022-08-17 22:27:00.871988+00:00;1;;;100;1;;;0;;;;0;1;;;;56;mh2a1e2u;;;;;0
2;r3guj6fb;;0;434;900;voting;News;2022-08-17 22:27:12.461939+00:00;1;;;100;2;;;0;;;;0;1;;;;56;mh2a1e2u;;;;;0
3;ko6cdw8l;;0;434;900;voting;News;2022-08-17 22:27:17.196166+00:00;1;;;100;3;;;0;;;;0;1;;;;56;mh2a1e2u;;;;;0
4;wptljjuw;;0;434;900;voting;News;2022-08-17 22:27:22.276545+00:00;1;;;100;4;;;0;;;;0;1;;;;56;mh2a1e2u;;;;;0
5;r9jo3sxy;;0;434;900;voting;News;2022-08-17 22:27:31.715859+00:00;1;;;100;5;;;0;;;;0;1;;;;56;mh2a1e2u;;;;;0
6;ik37tf3h;;0;434;900;voting;News;2022-08-17 22:27:39.578207+00:00;1;;;100;6;;;0;;;;0;1;;;;56;mh2a1e2u;;;;;0
7;me75rpgj;;0;434;900;voting;News;2022-08-17 22:27:48.339048+00:00;1;;;100;7;;;0;;;;0;1;;;;56;mh2a1e2u;;;;;0
8;sz0x8uel;;0;434;900;voting;News;2022-08-17 22:27:55.256529+00:00;1;;;100;8;;;0;;;;0;1;;;;56;mh2a1e2u;;;;;0
9;3oysdhhy;;0;434;900;voting;News;2022-08-17 22:28:04.182921+00:00;1;;;100;9;;;0;;;;0;1;;;;56;mh2a1e2u;;;;;0
10;8icqtqov;;0;434;900;voting;News;2022-08-17 22:28:09.625171+00:00;1;;;100;10;;;0;;;;0;1;;;;56;mh2a1e2u;;;;;0
11;fhbpl0ce;;0;434;900;voting;News;2022-08-17 22:28:15.278556+00:00;1;;;100;11;;;0;;;;0;1;;;;56;mh2a1e2u;;;;;0
1;r59q3wnw;;0;434;900;voting;News;2022-08-17 22:27:00.871988+00:00;1;;;100;1;;;0;;;;0;1;;;;57;mh2a1e2u;;;;;0
2;r3guj6fb;;0;434;900;voting;News;2022-08-17 22:27:12.461939+00:00;1;;;100;2;;;0;;;;0;1;;;;57;mh2a1e2u;;;;;0
3;ko6cdw8l;;0;434;900;voting;News;2022-08-17 22:27:17.196166+00:00;1;;;100;3;;;0;;;;0;1;;;;57;mh2a1e2u;;;;;0
4;wptljjuw;;0;434;900;voting;News;2022-08-17 22:27:22.276545+00:00;1;;;100;4;;;0;;;;0;1;;;;57;mh2a1e2u;;;;;0
5;r9jo3sxy;;0;434;900;voting;News;2022-08-17 22:27:31.715859+00:00;1;;;100;5;;;0;;;;0;1;;;;57;mh2a1e2u;;;;;0
6;ik37tf3h;;0;434;900;voting;News;2022-08-17 22:27:39.578207+00:00;1;;;100;6;;;0;;;;0;1;;;;57;mh2a1e2u;;;;;0
7;me75rpgj;;0;434;900;voting;News;2022-08-17 22:27:48.339048+00:00;1;;;100;7;;;0;;;;0;1;;;;57;mh2a1e2u;;;;;0
8;sz0x8uel;;0;434;900;voting;News;2022-08-17 22:27:55.256529+00:00;1;;;100;8;;;0;;;;0;1;;;;57;mh2a1e2u;;;;;0
9;3oysdhhy;;0;434;900;voting;News;2022-08-17 22:28:04.182921+00:00;1;;;100;9;;;0;;;;0;1;;;;57;mh2a1e2u;;;;;0
10;8icqtqov;;0;434;900;voting;News;2022-08-17 22:28:09.625171+00:00;1;;;100;10;;;0;;;;0;1;;;;57;mh2a1e2u;;;;;0
11;fhbpl0ce;;0;434;900;voting;News;2022-08-17 22:28:15.278556+00:00;1;;;100;11;;;0;;;;0;1;;;;57;mh2a1e2u;;;;;0
1;r59q3wnw;;0;434;900;voting;News;2022-08-17 22:27:00.871988+00:00;1;;;100;1;;;0;;;;0;1;;;;58;mh2a1e2u;;;;;0
2;r3guj6fb;;0;434;900;voting;News;2022-08-17 22:27:12.461939+00:00;1;;;100;2;;;0;;;;0;1;;;;58;mh2a1e2u;;;;;0
3;ko6cdw8l;;0;434;900;voting;News;2022-08-17 22:27:17.196166+00:00;1;;;100;3;;;0;;;;0;1;;;;58;mh2a1e2u;;;;;0
4;wptljjuw;;0;434;900;voting;News;2022-08-17 22:27:22.276545+00:00;1;;;100;4;;;0;;;;0;1;;;;58;mh2a1e2u;;;;;0
5;r9jo3sxy;;0;434;900;voting;News;2022-08-17 22:27:31.715859+00:00;1;;;100;5;;;0;;;;0;1;;;;58;mh2a1e2u;;;;;0
6;ik37tf3h;;0;434;900;voting;News;2022-08-17 22:27:39.578207+00:00;1;;;100;6;;;0;;;;0;1;;;;58;mh2a1e2u;;;;;0
7;me75rpgj;;0;434;900;voting;News;2022-08-17 22:27:48.339048+00:00;1;;;100;7;;;0;;;;0;1;;;;58;mh2a1e2u;;;;;0
8;sz0x8uel;;0;434;900;voting;News;2022-08-17 22:27:55.256529+00:00;1;;;100;8;;;0;;;;0;1;;;;58;mh2a1e2u;;;;;0
9;3oysdhhy;;0;434;900;voting;News;2022-08-17 22:28:04.182921+00:00;1;;;100;9;;;0;;;;0;1;;;;58;mh2a1e2u;;;;;0
10;8icqtqov;;0;434;900;voting;News;2022-08-17 22:28:09.625171+00:00;1;;;100;10;;;0;;;;0;1;;;;58;mh2a1e2u;;;;;0
11;fhbpl0ce;;0;434;900;voting;News;2022-08-17 22:28:15.278556+00:00;1;;;100;11;;;0;;;;0;1;;;;58;mh2a1e2u;;;;;0
1;r59q3wnw;;0;434;900;voting;News;2022-08-17 22:27:00.871988+00:00;1;;;100;1;;;0;;;;0;1;;;;59;mh2a1e2u;;;;;0
2;r3guj6fb;;0;434;900;voting;News;2022-08-17 22:27:12.461939+00:00;1;;;100;2;;;0;;;;0;1;;;;59;mh2a1e2u;;;;;0
3;ko6cdw8l;;0;434;900;voting;News;2022-08-17 22:27:17.196166+00:00;1;;;100;3;;;0;;;;0;1;;;;59;mh2a1e2u;;;;;0
4;wptljjuw;;0;434;900;voting;News;2022-08-17 22:27:22.276545+00:00;1;;;100;4;;;0;;;;0;1;;;;59;mh2a1e2u;;;;;0
5;r9jo3sxy;;0;434;900;voting;News;2022-08-17 22:27:31.715859+00:00;1;;;100;5;;;0;;;;0;1;;;;59;mh2a1e2u;;;;;0
6;ik37tf3h;;0;434;900;voting;News;2022-08-17 22:27:39.578207+00:00;1;;;100;6;;;0;;;;0;1;;;;59;mh2a1e2u;;;;;0
7;me75rpgj;;0;434;900;voting;News;2022-08-17 22:27:48.339048+00:00;1;;;100;7;;;0;;;;0;1;;;;59;mh2a1e2u;;;;;0
8;sz0x8uel;;0;434;900;voting;News;2022-08-17 22:27:55.256529+00:00;1;;;100;8;;;0;;;;0;1;;;;59;mh2a1e2u;;;;;0
9;3oysdhhy;;0;434;900;voting;News;2022-08-17 22:28:04.182921+00:00;1;;;100;9;;;0;;;;0;1;;;;59;mh2a1e2u;;;;;0
10;8icqtqov;;0;434;900;voting;News;2022-08-17 22:28:09.625171+00:00;1;;;100;10;;;0;;;;0;1;;;;59;mh2a1e2u;;;;;0
11;fhbpl0ce;;0;434;900;voting;News;2022-08-17 22:28:15.278556+00:00;1;;;100;11;;;0;;;;0;1;;;;59;mh2a1e2u;;;;;0
1;r59q3wnw;;0;434;900;voting;News;2022-08-17 22:27:00.871988+00:00;1;;;100;1;;;0;;;;0;1;;;;60;mh2a1e2u;;;;;0
2;r3guj6fb;;0;434;900;voting;News;2022-08-17 22:27:12.461939+00:00;1;;;100;2;;;0;;;;0;1;;;;60;mh2a1e2u;;;;;0
3;ko6cdw8l;;0;434;900;voting;News;2022-08-17 22:27:17.196166+00:00;1;;;100;3;;;0;;;;0;1;;;;60;mh2a1e2u;;;;;0
4;wptljjuw;;0;434;900;voting;News;2022-08-17 22:27:22.276545+00:00;1;;;100;4;;;0;;;;0;1;;;;60;mh2a1e2u;;;;;0
5;r9jo3sxy;;0;434;900;voting;News;2022-08-17 22:27:31.715859+00:00;1;;;100;5;;;0;;;;0;1;;;;60;mh2a1e2u;;;;;0
6;ik37tf3h;;0;434;900;voting;News;2022-08-17 22:27:39.578207+00:00;1;;;100;6;;;0;;;;0;1;;;;60;mh2a1e2u;;;;;0
7;me75rpgj;;0;434;900;voting;News;2022-08-17 22:27:48.339048+00:00;1;;;100;7;;;0;;;;0;1;;;;60;mh2a1e2u;;;;;0
8;sz0x8uel;;0;434;900;voting;News;2022-08-17 22:27:55.256529+00:00;1;;;100;8;;;0;;;;0;1;;;;60;mh2a1e2u;;;;;0
9;3oysdhhy;;0;434;900;voting;News;2022-08-17 22:28:04.182921+00:00;1;;;100;9;;;0;;;;0;1;;;;60;mh2a1e2u;;;;;0
10;8icqtqov;;0;434;900;voting;News;2022-08-17 22:28:09.625171+00:00;1;;;100;10;;;0;;;;0;1;;;;60;mh2a1e2u;;;;;0
11;fhbpl0ce;;0;434;900;voting;News;2022-08-17 22:28:15.278556+00:00;1;;;100;11;;;0;;;;0;1;;;;60;mh2a1e2u;;;;;0
1;r59q3wnw;;0;434;900;voting;News;2022-08-17 22:27:00.871988+00:00;1;;;100;1;;;0;;;;0;1;;;;61;mh2a1e2u;;;;;0
2;r3guj6fb;;0;434;900;voting;News;2022-08-17 22:27:12.461939+00:00;1;;;100;2;;;0;;;;0;1;;;;61;mh2a1e2u;;;;;0
3;ko6cdw8l;;0;434;900;voting;News;2022-08-17 22:27:17.196166+00:00;1;;;100;3;;;0;;;;0;1;;;;61;mh2a1e2u;;;;;0
4;wptljjuw;;0;434;900;voting;News;2022-08-17 22:27:22.276545+00:00;1;;;100;4;;;0;;;;0;1;;;;61;mh2a1e2u;;;;;0
5;r9jo3sxy;;0;434;900;voting;News;2022-08-17 22:27:31.715859+00:00;1;;;100;5;;;0;;;;0;1;;;;61;mh2a1e2u;;;;;0
6;ik37tf3h;;0;434;900;voting;News;2022-08-17 22:27:39.578207+00:00;1;;;100;6;;;0;;;;0;1;;;;61;mh2a1e2u;;;;;0
7;me75rpgj;;0;434;900;voting;News;2022-08-17 22:27:48.339048+00:00;1;;;100;7;;;0;;;;0;1;;;;61;mh2a1e2u;;;;;0
8;sz0x8uel;;0;434;900;voting;News;2022-08-17 22:27:55.256529+00:00;1;;;100;8;;;0;;;;0;1;;;;61;mh2a1e2u;;;;;0
9;3oysdhhy;;0;434;900;voting;News;2022-08-17 22:28:04.182921+00:00;1;;;100;9;;;0;;;;0;1;;;;61;mh2a1e2u;;;;;0
10;8icqtqov;;0;434;900;voting;News;2022-08-17 22:28:09.625171+00:00;1;;;100;10;;;0;;;;0;1;;;;61;mh2a1e2u;;;;;0
11;fhbpl0ce;;0;434;900;voting;News;2022-08-17 22:28:15.278556+00:00;1;;;100;11;;;0;;;;0;1;;;;61;mh2a1e2u;;;;;0
1;r59q3wnw;;0;434;900;voting;News;2022-08-17 22:27:00.871988+00:00;1;;;100;1;;;0;;;;0;1;;;;62;mh2a1e2u;;;;;0
2;r3guj6fb;;0;434;900;voting;News;2022-08-17 22:27:12.461939+00:00;1;;;100;2;;;0;;;;0;1;;;;62;mh2a1e2u;;;;;0
3;ko6cdw8l;;0;434;900;voting;News;2022-08-17 22:27:17.196166+00:00;1;;;100;3;;;0;;;;0;1;;;;62;mh2a1e2u;;;;;0
4;wptljjuw;;0;434;900;voting;News;2022-08-17 22:27:22.276545+00:00;1;;;100;4;;;0;;;;0;1;;;;62;mh2a1e2u;;;;;0
5;r9jo3sxy;;0;434;900;voting;News;2022-08-17 22:27:31.715859+00:00;1;;;100;5;;;0;;;;0;1;;;;62;mh2a1e2u;;;;;0
6;ik37tf3h;;0;434;900;voting;News;2022-08-17 22:27:39.578207+00:00;1;;;100;6;;;0;;;;0;1;;;;62;mh2a1e2u;;;;;0
7;me75rpgj;;0;434;900;voting;News;2022-08-17 22:27:48.339048+00:00;1;;;100;7;;;0;;;;0;1;;;;62;mh2a1e2u;;;;;0
8;sz0x8uel;;0;434;900;voting;News;2022-08-17 22:27:55.256529+00:00;1;;;100;8;;;0;;;;0;1;;;;62;mh2a1e2u;;;;;0
9;3oysdhhy;;0;434;900;voting;News;2022-08-17 22:28:04.182921+00:00;1;;;100;9;;;0;;;;0;1;;;;62;mh2a1e2u;;;;;0
10;8icqtqov;;0;434;900;voting;News;2022-08-17 22:28:09.625171+00:00;1;;;100;10;;;0;;;;0;1;;;;62;mh2a1e2u;;;;;0
11;fhbpl0ce;;0;434;900;voting;News;2022-08-17 22:28:15.278556+00:00;1;;;100;11;;;0;;;;0;1;;;;62;mh2a1e2u;;;;;0
1;r59q3wnw;;0;434;900;voting;News;2022-08-17 22:27:00.871988+00:00;1;;;100;1;;;0;;;;0;1;;;;63;mh2a1e2u;;;;;0
2;r3guj6fb;;0;434;900;voting;News;2022-08-17 22:27:12.461939+00:00;1;;;100;2;;;0;;;;0;1;;;;63;mh2a1e2u;;;;;0
3;ko6cdw8l;;0;434;900;voting;News;2022-08-17 22:27:17.196166+00:00;1;;;100;3;;;0;;;;0;1;;;;63;mh2a1e2u;;;;;0
4;wptljjuw;;0;434;900;voting;News;2022-08-17 22:27:22.276545+00:00;1;;;100;4;;;0;;;;0;1;;;;63;mh2a1e2u;;;;;0
5;r9jo3sxy;;0;434;900;voting;News;2022-08-17 22:27:31.715859+00:00;1;;;100;5;;;0;;;;0;1;;;;63;mh2a1e2u;;;;;0
6;ik37tf3h;;0;434;900;voting;News;2022-08-17 22:27:39.578207+00:00;1;;;100;6;;;0;;;;0;1;;;;63;mh2a1e2u;;;;;0
7;me75rpgj;;0;434;900;voting;News;2022-08-17 22:27:48.339048+00:00;1;;;100;7;;;0;;;;0;1;;;;63;mh2a1e2u;;;;;0
8;sz0x8uel;;0;434;900;voting;News;2022-08-17 22:27:55.256529+00:00;1;;;100;8;;;0;;;;0;1;;;;63;mh2a1e2u;;;;;0
9;3oysdhhy;;0;434;900;voting;News;2022-08-17 22:28:04.182921+00:00;1;;;100;9;;;0;;;;0;1;;;;63;mh2a1e2u;;;;;0
10;8icqtqov;;0;434;900;voting;News;2022-08-17 22:28:09.625171+00:00;1;;;100;10;;;0;;;;0;1;;;;63;mh2a1e2u;;;;;0
11;fhbpl0ce;;0;434;900;voting;News;2022-08-17 22:28:15.278556+00:00;1;;;100;11;;;0;;;;0;1;;;;63;mh2a1e2u;;;;;0
1;r59q3wnw;;0;434;900;voting;News;2022-08-17 22:27:00.871988+00:00;1;;;100;1;;;0;;;;0;1;;;;64;mh2a1e2u;;;;;0
2;r3guj6fb;;0;434;900;voting;News;2022-08-17 22:27:12.461939+00:00;1;;;100;2;;;0;;;;0;1;;;;64;mh2a1e2u;;;;;0
3;ko6cdw8l;;0;434;900;voting;News;2022-08-17 22:27:17.196166+00:00;1;;;100;3;;;0;;;;0;1;;;;64;mh2a1e2u;;;;;0
4;wptljjuw;;0;434;900;voting;News;2022-08-17 22:27:22.276545+00:00;1;;;100;4;;;0;;;;0;1;;;;64;mh2a1e2u;;;;;0
5;r9jo3sxy;;0;434;900;voting;News;2022-08-17 22:27:31.715859+00:00;1;;;100;5;;;0;;;;0;1;;;;64;mh2a1e2u;;;;;0
6;ik37tf3h;;0;434;900;voting;News;2022-08-17 22:27:39.578207+00:00;1;;;100;6;;;0;;;;0;1;;;;64;mh2a1e2u;;;;;0
7;me75rpgj;;0;434;900;voting;News;2022-08-17 22:27:48.339048+00:00;1;;;100;7;;;0;;;;0;1;;;;64;mh2a1e2u;;;;;0
8;sz0x8uel;;0;434;900;voting;News;2022-08-17 22:27:55.256529+00:00;1;;;100;8;;;0;;;;0;1;;;;64;mh2a1e2u;;;;;0
9;3oysdhhy;;0;434;900;voting;News;2022-08-17 22:28:04.182921+00:00;1;;;100;9;;;0;;;;0;1;;;;64;mh2a1e2u;;;;;0
10;8icqtqov;;0;434;900;voting;News;2022-08-17 22:28:09.625171+00:00;1;;;100;10;;;0;;;;0;1;;;;64;mh2a1e2u;;;;;0
11;fhbpl0ce;;0;434;900;voting;News;2022-08-17 22:28:15.278556+00:00;1;;;100;11;;;0;;;;0;1;;;;64;mh2a1e2u;;;;;0
1;r59q3wnw;;0;434;900;voting;News;2022-08-17 22:27:00.871988+00:00;1;;;100;1;;;0;;;;0;1;;;;65;mh2a1e2u;;;;;0
2;r3guj6fb;;0;434;900;voting;News;2022-08-17 22:27:12.461939+00:00;1;;;100;2;;;0;;;;0;1;;;;65;mh2a1e2u;;;;;0
3;ko6cdw8l;;0;434;900;voting;News;2022-08-17 22:27:17.196166+00:00;1;;;100;3;;;0;;;;0;1;;;;65;mh2a1e2u;;;;;0
4;wptljjuw;;0;434;900;voting;News;2022-08-17 22:27:22.276545+00:00;1;;;100;4;;;0;;;;0;1;;;;65;mh2a1e2u;;;;;0
5;r9jo3sxy;;0;434;900;voting;News;2022-08-17 22:27:31.715859+00:00;1;;;100;5;;;0;;;;0;1;;;;65;mh2a1e2u;;;;;0
6;ik37tf3h;;0;434;900;voting;News;2022-08-17 22:27:39.578207+00:00;1;;;100;6;;;0;;;;0;1;;;;65;mh2a1e2u;;;;;0
7;me75rpgj;;0;434;900;voting;News;2022-08-17 22:27:48.339048+00:00;1;;;100;7;;;0;;;;0;1;;;;65;mh2a1e2u;;;;;0
8;sz0x8uel;;0;434;900;voting;News;2022-08-17 22:27:55.256529+00:00;1;;;100;8;;;0;;;;0;1;;;;65;mh2a1e2u;;;;;0
9;3oysdhhy;;0;434;900;voting;News;2022-08-17 22:28:04.182921+00:00;1;;;100;9;;;0;;;;0;1;;;;65;mh2a1e2u;;;;;0
10;8icqtqov;;0;434;900;voting;News;2022-08-17 22:28:09.625171+00:00;1;;;100;10;;;0;;;;0;1;;;;65;mh2a1e2u;;;;;0
11;fhbpl0ce;;0;434;900;voting;News;2022-08-17 22:28:15.278556+00:00;1;;;100;11;;;0;;;;0;1;;;;65;mh2a1e2u;;;;;0
1;r59q3wnw;;0;434;900;voting;News;2022-08-17 22:27:00.871988+00:00;1;;;100;1;;;0;;;;0;1;;;;66;mh2a1e2u;;;;;0
2;r3guj6fb;;0;434;900;voting;News;2022-08-17 22:27:12.461939+00:00;1;;;100;2;;;0;;;;0;1;;;;66;mh2a1e2u;;;;;0
3;ko6cdw8l;;0;434;900;voting;News;2022-08-17 22:27:17.196166+00:00;1;;;100;3;;;0;;;;0;1;;;;66;mh2a1e2u;;;;;0
4;wptljjuw;;0;434;900;voting;News;2022-08-17 22:27:22.276545+00:00;1;;;100;4;;;0;;;;0;1;;;;66;mh2a1e2u;;;;;0
5;r9jo3sxy;;0;434;900;voting;News;2022-08-17 22:27:31.715859+00:00;1;;;100;5;;;0;;;;0;1;;;;66;mh2a1e2u;;;;;0
6;ik37tf3h;;0;434;900;voting;News;2022-08-17 22:27:39.578207+00:00;1;;;100;6;;;0;;;;0;1;;;;66;mh2a1e2u;;;;;0
7;me75rpgj;;0;434;900;voting;News;2022-08-17 22:27:48.339048+00:00;1;;;100;7;;;0;;;;0;1;;;;66;mh2a1e2u;;;;;0
8;sz0x8uel;;0;434;900;voting;News;2022-08-17 22:27:55.256529+00:00;1;;;100;8;;;0;;;;0;1;;;;66;mh2a1e2u;;;;;0
9;3oysdhhy;;0;434;900;voting;News;2022-08-17 22:28:04.182921+00:00;1;;;100;9;;;0;;;;0;1;;;;66;mh2a1e2u;;;;;0
10;8icqtqov;;0;434;900;voting;News;2022-08-17 22:28:09.625171+00:00;1;;;100;10;;;0;;;;0;1;;;;66;mh2a1e2u;;;;;0
11;fhbpl0ce;;0;434;900;voting;News;2022-08-17 22:28:15.278556+00:00;1;;;100;11;;;0;;;;0;1;;;;66;mh2a1e2u;;;;;0
1;r59q3wnw;;0;434;900;voting;News;2022-08-17 22:27:00.871988+00:00;1;;;100;1;;;0;;;;0;1;;;;67;mh2a1e2u;;;;;0
2;r3guj6fb;;0;434;900;voting;News;2022-08-17 22:27:12.461939+00:00;1;;;100;2;;;0;;;;0;1;;;;67;mh2a1e2u;;;;;0
3;ko6cdw8l;;0;434;900;voting;News;2022-08-17 22:27:17.196166+00:00;1;;;100;3;;;0;;;;0;1;;;;67;mh2a1e2u;;;;;0
4;wptljjuw;;0;434;900;voting;News;2022-08-17 22:27:22.276545+00:00;1;;;100;4;;;0;;;;0;1;;;;67;mh2a1e2u;;;;;0
5;r9jo3sxy;;0;434;900;voting;News;2022-08-17 22:27:31.715859+00:00;1;;;100;5;;;0;;;;0;1;;;;67;mh2a1e2u;;;;;0
6;ik37tf3h;;0;434;900;voting;News;2022-08-17 22:27:39.578207+00:00;1;;;100;6;;;0;;;;0;1;;;;67;mh2a1e2u;;;;;0
7;me75rpgj;;0;434;900;voting;News;2022-08-17 22:27:48.339048+00:00;1;;;100;7;;;0;;;;0;1;;;;67;mh2a1e2u;;;;;0
8;sz0x8uel;;0;434;900;voting;News;2022-08-17 22:27:55.256529+00:00;1;;;100;8;;;0;;;;0;1;;;;67;mh2a1e2u;;;;;0
9;3oysdhhy;;0;434;900;voting;News;2022-08-17 22:28:04.182921+00:00;1;;;100;9;;;0;;;;0;1;;;;67;mh2a1e2u;;;;;0
10;8icqtqov;;0;434;900;voting;News;2022-08-17 22:28:09.625171+00:00;1;;;100;10;;;0;;;;0;1;;;;67;mh2a1e2u;;;;;0
11;fhbpl0ce;;0;434;900;voting;News;2022-08-17 22:28:15.278556+00:00;1;;;100;11;;;0;;;;0;1;;;;67;mh2a1e2u;;;;;0
1;r59q3wnw;;0;434;900;voting;News;2022-08-17 22:27:00.871988+00:00;1;;;100;1;;;0;;;;0;1;;;;68;mh2a1e2u;;;;;0
2;r3guj6fb;;0;434;900;voting;News;2022-08-17 22:27:12.461939+00:00;1;;;100;2;;;0;;;;0;1;;;;68;mh2a1e2u;;;;;0
3;ko6cdw8l;;0;434;900;voting;News;2022-08-17 22:27:17.196166+00:00;1;;;100;3;;;0;;;;0;1;;;;68;mh2a1e2u;;;;;0
4;wptljjuw;;0;434;900;voting;News;2022-08-17 22:27:22.276545+00:00;1;;;100;4;;;0;;;;0;1;;;;68;mh2a1e2u;;;;;0
5;r9jo3sxy;;0;434;900;voting;News;2022-08-17 22:27:31.715859+00:00;1;;;100;5;;;0;;;;0;1;;;;68;mh2a1e2u;;;;;0
6;ik37tf3h;;0;434;900;voting;News;2022-08-17 22:27:39.578207+00:00;1;;;100;6;;;0;;;;0;1;;;;68;mh2a1e2u;;;;;0
7;me75rpgj;;0;434;900;voting;News;2022-08-17 22:27:48.339048+00:00;1;;;100;7;;;0;;;;0;1;;;;68;mh2a1e2u;;;;;0
8;sz0x8uel;;0;434;900;voting;News;2022-08-17 22:27:55.256529+00:00;1;;;100;8;;;0;;;;0;1;;;;68;mh2a1e2u;;;;;0
9;3oysdhhy;;0;434;900;voting;News;2022-08-17 22:28:04.182921+00:00;1;;;100;9;;;0;;;;0;1;;;;68;mh2a1e2u;;;;;0
10;8icqtqov;;0;434;900;voting;News;2022-08-17 22:28:09.625171+00:00;1;;;100;10;;;0;;;;0;1;;;;68;mh2a1e2u;;;;;0
11;fhbpl0ce;;0;434;900;voting;News;2022-08-17 22:28:15.278556+00:00;1;;;100;11;;;0;;;;0;1;;;;68;mh2a1e2u;;;;;0
1;r59q3wnw;;0;434;900;voting;News;2022-08-17 22:27:00.871988+00:00;1;;;100;1;;;0;;;;0;1;;;;69;mh2a1e2u;;;;;0
2;r3guj6fb;;0;434;900;voting;News;2022-08-17 22:27:12.461939+00:00;1;;;100;2;;;0;;;;0;1;;;;69;mh2a1e2u;;;;;0
3;ko6cdw8l;;0;434;900;voting;News;2022-08-17 22:27:17.196166+00:00;1;;;100;3;;;0;;;;0;1;;;;69;mh2a1e2u;;;;;0
4;wptljjuw;;0;434;900;voting;News;2022-08-17 22:27:22.276545+00:00;1;;;100;4;;;0;;;;0;1;;;;69;mh2a1e2u;;;;;0
5;r9jo3sxy;;0;434;900;voting;News;2022-08-17 22:27:31.715859+00:00;1;;;100;5;;;0;;;;0;1;;;;69;mh2a1e2u;;;;;0
6;ik37tf3h;;0;434;900;voting;News;2022-08-17 22:27:39.578207+00:00;1;;;100;6;;;0;;;;0;1;;;;69;mh2a1e2u;;;;;0
7;me75rpgj;;0;434;900;voting;News;2022-08-17 22:27:48.339048+00:00;1;;;100;7;;;0;;;;0;1;;;;69;mh2a1e2u;;;;;0
8;sz0x8uel;;0;434;900;voting;News;2022-08-17 22:27:55.256529+00:00;1;;;100;8;;;0;;;;0;1;;;;69;mh2a1e2u;;;;;0
9;3oysdhhy;;0;434;900;voting;News;2022-08-17 22:28:04.182921+00:00;1;;;100;9;;;0;;;;0;1;;;;69;mh2a1e2u;;;;;0
10;8icqtqov;;0;434;900;voting;News;2022-08-17 22:28:09.625171+00:00;1;;;100;10;;;0;;;;0;1;;;;69;mh2a1e2u;;;;;0
11;fhbpl0ce;;0;434;900;voting;News;2022-08-17 22:28:15.278556+00:00;1;;;100;11;;;0;;;;0;1;;;;69;mh2a1e2u;;;;;0
1;r59q3wnw;;0;434;900;voting;News;2022-08-17 22:27:00.871988+00:00;1;;;100;1;;;0;;;;0;1;;;;70;mh2a1e2u;;;;;0
2;r3guj6fb;;0;434;900;voting;News;2022-08-17 22:27:12.461939+00:00;1;;;100;2;;;0;;;;0;1;;;;70;mh2a1e2u;;;;;0
3;ko6cdw8l;;0;434;900;voting;News;2022-08-17 22:27:17.196166+00:00;1;;;100;3;;;0;;;;0;1;;;;70;mh2a1e2u;;;;;0
4;wptljjuw;;0;434;900;voting;News;2022-08-17 22:27:22.276545+00:00;1;;;100;4;;;0;;;;0;1;;;;70;mh2a1e2u;;;;;0
5;r9jo3sxy;;0;434;900;voting;News;2022-08-17 22:27:31.715859+00:00;1;;;100;5;;;0;;;;0;1;;;;70;mh2a1e2u;;;;;0
6;ik37tf3h;;0;434;900;voting;News;2022-08-17 22:27:39.578207+00:00;1;;;100;6;;;0;;;;0;1;;;;70;mh2a1e2u;;;;;0
7;me75rpgj;;0;434;900;voting;News;2022-08-17 22:27:48.339048+00:00;1;;;100;7;;;0;;;;0;1;;;;70;mh2a1e2u;;;;;0
8;sz0x8uel;;0;434;900;voting;News;2022-08-17 22:27:55.256529+00:00;1;;;100;8;;;0;;;;0;1;;;;70;mh2a1e2u;;;;;0
9;3oysdhhy;;0;434;900;voting;News;2022-08-17 22:28:04.182921+00:00;1;;;100;9;;;0;;;;0;1;;;;70;mh2a1e2u;;;;;0
10;8icqtqov;;0;434;900;voting;News;2022-08-17 22:28:09.625171+00:00;1;;;100;10;;;0;;;;0;1;;;;70;mh2a1e2u;;;;;0
11;fhbpl0ce;;0;434;900;voting;News;2022-08-17 22:28:15.278556+00:00;1;;;100;11;;;0;;;;0;1;;;;70;mh2a1e2u;;;;;0
1;r59q3wnw;;0;434;900;voting;News;2022-08-17 22:27:00.871988+00:00;1;;;100;1;;;0;;;;0;1;;;;71;mh2a1e2u;;;;;0
2;r3guj6fb;;0;434;900;voting;News;2022-08-17 22:27:12.461939+00:00;1;;;100;2;;;0;;;;0;1;;;;71;mh2a1e2u;;;;;0
3;ko6cdw8l;;0;434;900;voting;News;2022-08-17 22:27:17.196166+00:00;1;;;100;3;;;0;;;;0;1;;;;71;mh2a1e2u;;;;;0
4;wptljjuw;;0;434;900;voting;News;2022-08-17 22:27:22.276545+00:00;1;;;100;4;;;0;;;;0;1;;;;71;mh2a1e2u;;;;;0
5;r9jo3sxy;;0;434;900;voting;News;2022-08-17 22:27:31.715859+00:00;1;;;100;5;;;0;;;;0;1;;;;71;mh2a1e2u;;;;;0
6;ik37tf3h;;0;434;900;voting;News;2022-08-17 22:27:39.578207+00:00;1;;;100;6;;;0;;;;0;1;;;;71;mh2a1e2u;;;;;0
7;me75rpgj;;0;434;900;voting;News;2022-08-17 22:27:48.339048+00:00;1;;;100;7;;;0;;;;0;1;;;;71;mh2a1e2u;;;;;0
8;sz0x8uel;;0;434;900;voting;News;2022-08-17 22:27:55.256529+00:00;1;;;100;8;;;0;;;;0;1;;;;71;mh2a1e2u;;;;;0
9;3oysdhhy;;0;434;900;voting;News;2022-08-17 22:28:04.182921+00:00;1;;;100;9;;;0;;;;0;1;;;;71;mh2a1e2u;;;;;0
